"Date","Time","Segment","Symbol","Trade Type","Quantity","Trade Price (₹)","Trade Value  (₹)","Order id"
"18/04/2022","09:22 AM","NSE_CASH","KPITTECH","Sell","6","542.4","3254.3999999999996","1200000000989220"
"18/04/2022","09:22 AM","NSE_CASH","KPITTECH","Sell","250","542.4","135600","1200000000989220"
"18/04/2022","09:22 AM","NSE_CASH","KPITTECH","Sell","498","542.4","270115.2","1200000000989220"
"18/04/2022","09:31 AM","NSE_CASH","KPITTECH","Sell","27","546.45","14754.150000000001","1200000002538283"
"18/04/2022","09:31 AM","NSE_CASH","KPITTECH","Sell","468","546.45","255738.60000000003","1200000002538283"
"18/04/2022","09:31 AM","NSE_CASH","KPITTECH","Sell","110","546.45","60109.50000000001","1200000002538283"
"18/04/2022","09:31 AM","NSE_CASH","KPITTECH","Sell","58","546.4","31691.199999999997","1200000002538283"
"18/04/2022","09:31 AM","NSE_CASH","KPITTECH","Sell","22","546.35","12019.7","1200000002538283"
"18/04/2022","09:34 AM","NSE_CASH","KPITTECH","Buy","45","550.35","24765.75","1200000002818628"
"18/04/2022","09:28 AM","NSE_CASH","KPITTECH","Buy","17","552.65","9395.05","1200000002156519"
"18/04/2022","09:28 AM","NSE_CASH","KPITTECH","Buy","1","552.65","552.65","1200000002156519"
"18/04/2022","09:28 AM","NSE_CASH","KPITTECH","Buy","109","552.65","60238.85","1200000002156519"
"18/04/2022","09:28 AM","NSE_CASH","KPITTECH","Buy","5","552.7","2763.5","1200000002156519"
"18/04/2022","09:28 AM","NSE_CASH","KPITTECH","Buy","16","552.75","8844","1200000002156519"
"18/04/2022","09:28 AM","NSE_CASH","KPITTECH","Buy","1","552.8","552.8","1200000002156519"
"18/04/2022","09:28 AM","NSE_CASH","KPITTECH","Buy","4","552.8","2211.2","1200000002156519"
"18/04/2022","09:28 AM","NSE_CASH","KPITTECH","Buy","5","552.8","2764","1200000002156519"
"18/04/2022","09:28 AM","NSE_CASH","KPITTECH","Buy","136","552.85","75187.6","1200000002156519"
"18/04/2022","09:34 AM","NSE_CASH","KPITTECH","Buy","28","550.3","15408.399999999998","1200000002818628"
"18/04/2022","09:34 AM","NSE_CASH","KPITTECH","Buy","40","550.35","22014","1200000002818628"
"18/04/2022","09:34 AM","NSE_CASH","KPITTECH","Buy","45","550.35","24765.75","1200000002818628"
"18/04/2022","09:22 AM","NSE_CASH","KPITTECH","Sell","18","542.4","9763.199999999999","1200000000989220"
"18/04/2022","09:23 AM","NSE_CASH","KPITTECH","Sell","20","545.7","10914","1200000001481723"
"18/04/2022","09:23 AM","NSE_CASH","KPITTECH","Sell","100","545.7","54570.00000000001","1200000001481723"
"18/04/2022","09:23 AM","NSE_CASH","KPITTECH","Sell","1","545.7","545.7","1200000001481723"
"18/04/2022","09:28 AM","NSE_CASH","KPITTECH","Buy","50","553","27650","1200000002156519"
"18/04/2022","09:28 AM","NSE_CASH","KPITTECH","Buy","100","553","55300","1200000002156519"
"18/04/2022","09:28 AM","NSE_CASH","KPITTECH","Buy","50","553","27650","1200000002156519"
"18/04/2022","09:28 AM","NSE_CASH","KPITTECH","Buy","200","553","110600","1200000002156519"
"18/04/2022","09:28 AM","NSE_CASH","KPITTECH","Buy","15","553","8295","1200000002156519"
"18/04/2022","09:28 AM","NSE_CASH","KPITTECH","Buy","28","553","15484","1200000002156519"
"18/04/2022","09:28 AM","NSE_CASH","KPITTECH","Buy","15","553","8295","1200000002156519"
"18/04/2022","09:34 AM","NSE_CASH","KPITTECH","Buy","45","550.35","24765.75","1200000002818628"
"18/04/2022","09:34 AM","NSE_CASH","KPITTECH","Buy","40","550.35","22014","1200000002818628"
"18/04/2022","09:34 AM","NSE_CASH","KPITTECH","Buy","45","550.35","24765.75","1200000002818628"
"18/04/2022","09:34 AM","NSE_CASH","KPITTECH","Buy","40","550.35","22014","1200000002818628"
"18/04/2022","09:34 AM","NSE_CASH","KPITTECH","Buy","45","550.35","24765.75","1200000002818628"
"18/04/2022","09:34 AM","NSE_CASH","KPITTECH","Buy","40","550.35","22014","1200000002818628"
"18/04/2022","09:23 AM","NSE_CASH","KPITTECH","Sell","30","545.7","16371.000000000002","1200000001481723"
"18/04/2022","09:23 AM","NSE_CASH","KPITTECH","Sell","5","545.7","2728.5","1200000001481723"
"18/04/2022","09:23 AM","NSE_CASH","KPITTECH","Sell","148","545.7","80763.6","1200000001481723"
"18/04/2022","09:23 AM","NSE_CASH","KPITTECH","Sell","1","545.7","545.7","1200000001481723"
"18/04/2022","09:23 AM","NSE_CASH","KPITTECH","Sell","3","545.7","1637.1000000000001","1200000001481723"
"18/04/2022","09:23 AM","NSE_CASH","KPITTECH","Sell","10","545.7","5457","1200000001481723"
"18/04/2022","09:23 AM","NSE_CASH","KPITTECH","Sell","1","545.7","545.7","1200000001481723"
"18/04/2022","09:23 AM","NSE_CASH","KPITTECH","Sell","1","545.7","545.7","1200000001481723"
"18/04/2022","09:30 AM","NSE_CASH","KPITTECH","Sell","3","549","1647","1200000002410701"
"18/04/2022","09:15 AM","NSE_CASH","KPITTECH","Buy","1","548.55","548.55","1200000000269563"
"18/04/2022","09:28 AM","NSE_CASH","KPITTECH","Buy","324","549.8","178135.19999999998","1200000001808409"
"18/04/2022","09:28 AM","NSE_CASH","KPITTECH","Buy","30","549.8","16494","1200000001808409"
"18/04/2022","09:28 AM","NSE_CASH","KPITTECH","Buy","1","549.8","549.8","1200000001808409"
"18/04/2022","09:28 AM","NSE_CASH","KPITTECH","Buy","123","549.85","67631.55","1200000001808409"
"18/04/2022","09:28 AM","NSE_CASH","KPITTECH","Buy","50","549.9","27495","1200000001808409"
"18/04/2022","09:28 AM","NSE_CASH","KPITTECH","Buy","27","549.9","14847.3","1200000001808409"
"18/04/2022","09:28 AM","NSE_CASH","KPITTECH","Buy","40","549.9","21996","1200000001808409"
"18/04/2022","09:28 AM","NSE_CASH","KPITTECH","Buy","48","553","26544","1200000002156519"
"18/04/2022","09:23 AM","NSE_CASH","KPITTECH","Sell","15","545.7","8185.500000000001","1200000001481723"
"18/04/2022","09:23 AM","NSE_CASH","KPITTECH","Sell","7","545.7","3819.9000000000005","1200000001481723"
"18/04/2022","09:23 AM","NSE_CASH","KPITTECH","Sell","1","545.7","545.7","1200000001481723"
"18/04/2022","09:23 AM","NSE_CASH","KPITTECH","Sell","10","545.7","5457","1200000001481723"
"18/04/2022","09:31 AM","NSE_CASH","KPITTECH","Sell","4","546.65","2186.6","1200000002538283"
"18/04/2022","09:22 AM","NSE_CASH","KPITTECH","Sell","8","542.65","4341.2","1200000000989220"
"18/04/2022","09:30 AM","NSE_CASH","KPITTECH","Sell","22","549","12078","1200000002410701"
"18/04/2022","09:30 AM","NSE_CASH","KPITTECH","Sell","1","549","549","1200000002410701"
"18/04/2022","09:30 AM","NSE_CASH","KPITTECH","Sell","4","549","2196","1200000002410701"
"18/04/2022","09:30 AM","NSE_CASH","KPITTECH","Sell","9","548.95","4940.55","1200000002410701"
"18/04/2022","09:30 AM","NSE_CASH","KPITTECH","Sell","10","548.9","5489","1200000002410701"
"18/04/2022","09:30 AM","NSE_CASH","KPITTECH","Sell","123","548.85","67508.55","1200000002410701"
"18/04/2022","09:30 AM","NSE_CASH","KPITTECH","Sell","1","548.8","548.8","1200000002410701"
"18/04/2022","09:30 AM","NSE_CASH","KPITTECH","Sell","6","548.8","3292.7999999999997","1200000002410701"
"18/04/2022","09:30 AM","NSE_CASH","KPITTECH","Sell","10","548.75","5487.5","1200000002410701"
"18/04/2022","09:23 AM","NSE_CASH","KPITTECH","Sell","22","545.7","12005.400000000001","1200000001481723"
"18/04/2022","09:23 AM","NSE_CASH","KPITTECH","Sell","5","545.7","2728.5","1200000001481723"
"18/04/2022","09:23 AM","NSE_CASH","KPITTECH","Sell","10","545.7","5457","1200000001481723"
"18/04/2022","09:23 AM","NSE_CASH","KPITTECH","Sell","9","545.7","4911.3","1200000001481723"
"18/04/2022","09:34 AM","NSE_CASH","KPITTECH","Buy","40","550.35","22014","1200000002818628"
"18/04/2022","09:22 AM","NSE_CASH","KPITTECH","Sell","20","542.4","10848","1200000000989220"
"18/04/2022","09:34 AM","NSE_CASH","KPITTECH","Buy","40","550.35","22014","1200000002818628"
"18/04/2022","09:34 AM","NSE_CASH","KPITTECH","Buy","45","550.35","24765.75","1200000002818628"
"18/04/2022","09:34 AM","NSE_CASH","KPITTECH","Buy","40","550.35","22014","1200000002818628"
"18/04/2022","09:34 AM","NSE_CASH","KPITTECH","Buy","45","550.35","24765.75","1200000002818628"
"18/04/2022","09:34 AM","NSE_CASH","KPITTECH","Buy","40","550.35","22014","1200000002818628"
"18/04/2022","09:34 AM","NSE_CASH","KPITTECH","Buy","45","550.35","24765.75","1200000002818628"
"18/04/2022","09:34 AM","NSE_CASH","KPITTECH","Buy","7","550.35","3852.4500000000003","1200000002818628"
"18/04/2022","09:30 AM","NSE_CASH","KPITTECH","Sell","61","548.55","33461.549999999996","1200000002410701"
"18/04/2022","09:15 AM","NSE_CASH","KPITTECH","Sell","1","545.85","545.85","1200000000342441"
"18/04/2022","09:30 AM","NSE_CASH","KPITTECH","Sell","1","548.5","548.5","1200000002410701"
"18/04/2022","09:30 AM","NSE_CASH","KPITTECH","Sell","5","548.3","2741.5","1200000002410701"
"18/04/2022","09:30 AM","NSE_CASH","KPITTECH","Sell","172","548.3","94307.59999999999","1200000002410701"
"18/04/2022","09:30 AM","NSE_CASH","KPITTECH","Sell","105","548.25","57566.25","1200000002410701"
"18/04/2022","09:30 AM","NSE_CASH","KPITTECH","Sell","28","548.15","15348.199999999999","1200000002410701"
"18/04/2022","09:30 AM","NSE_CASH","KPITTECH","Sell","136","548.1","74541.6","1200000002410701"
"18/04/2022","09:30 AM","NSE_CASH","KPITTECH","Sell","5","548.05","2740.25","1200000002410701"
"18/04/2022","09:30 AM","NSE_CASH","KPITTECH","Sell","96","548.05","52612.799999999996","1200000002410701"
"18/04/2022","09:31 AM","NSE_CASH","KPITTECH","Sell","3","546.5","1639.5","1200000002538283"
"18/04/2022","09:23 AM","NSE_CASH","KPITTECH","Sell","1","545.7","545.7","1200000001481723"
"18/04/2022","09:30 AM","NSE_CASH","KPITTECH","Sell","2","549","1098","1200000002410701"
"18/04/2022","09:34 AM","NSE_CASH","KPITTECH","Buy","40","550.35","22014","1200000002818628"
"18/04/2022","09:34 AM","NSE_CASH","KPITTECH","Buy","45","550.35","24765.75","1200000002818628"
"18/04/2022","09:31 AM","NSE_CASH","KPITTECH","Sell","100","546.6","54660","1200000002538283"
"18/04/2022","09:31 AM","NSE_CASH","KPITTECH","Sell","2","546.55","1093.1","1200000002538283"
"18/04/2022","09:31 AM","NSE_CASH","KPITTECH","Sell","1","546.5","546.5","1200000002538283"
"18/04/2022","09:31 AM","NSE_CASH","KPITTECH","Sell","5","546.5","2732.5","1200000002538283"
"18/04/2022","09:28 AM","NSE_CASH","KPITTECH","Buy","110","549.9","60489","1200000001808409"
"18/04/2022","09:28 AM","NSE_CASH","KPITTECH","Buy","495","549.95","272225.25","1200000001808409"
"19/04/2022","09:16 AM","NSE_CASH","BDL","Buy","237","893.8","211830.59999999998","1000000000297613"
"19/04/2022","09:35 AM","NSE_CASH","BDL","Sell","492","876","430992","1000000002486846"
"19/04/2022","10:18 AM","NSE_CASH","BDL","Sell","3","859.15","2577.45","1000000005179381"
"19/04/2022","09:40 AM","NSE_CASH","BDL","Sell","2","868.8","1737.6","1000000002844204"
"19/04/2022","09:40 AM","NSE_CASH","BDL","Sell","4","868.8","3475.2","1000000002844204"
"19/04/2022","09:40 AM","NSE_CASH","BDL","Sell","20","868.8","17376","1000000002844204"
"19/04/2022","09:40 AM","NSE_CASH","BDL","Sell","10","868.7","8687","1000000002844204"
"19/04/2022","09:40 AM","NSE_CASH","BDL","Sell","25","868.65","21716.25","1000000002844204"
"19/04/2022","09:40 AM","NSE_CASH","BDL","Sell","8","868.6","6948.8","1000000002844204"
"19/04/2022","09:40 AM","NSE_CASH","BDL","Sell","100","868.55","86855","1000000002844204"
"19/04/2022","10:17 AM","NSE_CASH","BDL","Buy","33","856.6","28267.8","1000000004930903"
"19/04/2022","10:17 AM","NSE_CASH","BDL","Buy","20","856.6","17132","1000000004930903"
"19/04/2022","10:17 AM","NSE_CASH","BDL","Buy","24","856.7","20560.800000000003","1000000004930903"
"19/04/2022","10:17 AM","NSE_CASH","BDL","Buy","20","856.8","17136","1000000004930903"
"19/04/2022","10:17 AM","NSE_CASH","BDL","Buy","29","856.85","24848.65","1000000004930903"
"19/04/2022","09:28 AM","NSE_CASH","BDL","Sell","5","887.8","4439","1000000001443724"
"19/04/2022","09:40 AM","NSE_CASH","BDL","Sell","2","868.4","1736.8","1000000002844204"
"19/04/2022","09:40 AM","NSE_CASH","BDL","Sell","5","868.4","4342","1000000002844204"
"19/04/2022","09:40 AM","NSE_CASH","BDL","Sell","2","868.4","1736.8","1000000002844204"
"19/04/2022","09:40 AM","NSE_CASH","BDL","Sell","2","868.4","1736.8","1000000002844204"
"19/04/2022","09:40 AM","NSE_CASH","BDL","Sell","5","868.4","4342","1000000002844204"
"19/04/2022","09:40 AM","NSE_CASH","BDL","Sell","2","868.4","1736.8","1000000002844204"
"19/04/2022","09:40 AM","NSE_CASH","BDL","Sell","2","868.4","1736.8","1000000002844204"
"19/04/2022","09:40 AM","NSE_CASH","BDL","Sell","5","868.4","4342","1000000002844204"
"19/04/2022","09:40 AM","NSE_CASH","BDL","Sell","85","868.55","73826.75","1000000002844204"
"19/04/2022","09:16 AM","NSE_CASH","BDL","Buy","42","893.8","37539.6","1000000000297613"
"19/04/2022","10:09 AM","NSE_CASH","BDL","Sell","2","866.5","1733","1000000004705195"
"19/04/2022","09:40 AM","NSE_CASH","BDL","Sell","2","868.4","1736.8","1000000002844204"
"19/04/2022","09:40 AM","NSE_CASH","BDL","Sell","2","868.4","1736.8","1000000002844204"
"19/04/2022","09:40 AM","NSE_CASH","BDL","Sell","1","868.5","868.5","1000000002844204"
"19/04/2022","10:09 AM","NSE_CASH","BDL","Sell","7","867.25","6070.75","1000000004705195"
"19/04/2022","09:16 AM","NSE_CASH","BDL","Buy","212","893.8","189485.59999999998","1000000000297613"
"19/04/2022","09:35 AM","NSE_CASH","BDL","Sell","11","878.4","9662.4","1000000000537245"
"19/04/2022","09:35 AM","NSE_CASH","BDL","Sell","6","878.4","5270.4","1000000000537245"
"19/04/2022","09:35 AM","NSE_CASH","BDL","Sell","6","878.35","5270.1","1000000000537245"
"19/04/2022","09:35 AM","NSE_CASH","BDL","Sell","1","878.3","878.3","1000000000537245"
"19/04/2022","09:35 AM","NSE_CASH","BDL","Sell","5","878.3","4391.5","1000000000537245"
"19/04/2022","09:35 AM","NSE_CASH","BDL","Sell","5","878.3","4391.5","1000000000537245"
"19/04/2022","09:35 AM","NSE_CASH","BDL","Sell","3","878.3","2634.8999999999996","1000000000537245"
"19/04/2022","09:35 AM","NSE_CASH","BDL","Sell","11","876.2","9638.2","1000000002486846"
"19/04/2022","10:07 AM","NSE_CASH","BDL","Buy","104","872.7","90760.8","1000000004437928"
"19/04/2022","10:09 AM","NSE_CASH","BDL","Sell","3","866.7","2600.1000000000004","1000000004705195"
"19/04/2022","10:09 AM","NSE_CASH","BDL","Sell","5","866.7","4333.5","1000000004705195"
"19/04/2022","10:09 AM","NSE_CASH","BDL","Sell","3","866.7","2600.1000000000004","1000000004705195"
"19/04/2022","10:09 AM","NSE_CASH","BDL","Sell","1","866.7","866.7","1000000004705195"
"19/04/2022","10:09 AM","NSE_CASH","BDL","Sell","2","866.7","1733.4","1000000004705195"
"19/04/2022","10:09 AM","NSE_CASH","BDL","Sell","20","866.65","17333","1000000004705195"
"19/04/2022","09:35 AM","NSE_CASH","BDL","Sell","5","878.3","4391.5","1000000000537245"
"19/04/2022","09:35 AM","NSE_CASH","BDL","Sell","1","878.25","878.25","1000000000537245"
"19/04/2022","09:35 AM","NSE_CASH","BDL","Sell","33","878.25","28982.25","1000000000537245"
"19/04/2022","09:35 AM","NSE_CASH","BDL","Sell","10","878.25","8782.5","1000000000537245"
"19/04/2022","09:35 AM","NSE_CASH","BDL","Sell","1","878.25","878.25","1000000000537245"
"19/04/2022","09:35 AM","NSE_CASH","BDL","Sell","8","878.25","7026","1000000000537245"
"19/04/2022","09:35 AM","NSE_CASH","BDL","Sell","255","878.2","223941","1000000000537245"
"19/04/2022","09:39 AM","NSE_CASH","BDL","Buy","8","872","6976","1000000002565543"
"19/04/2022","09:39 AM","NSE_CASH","BDL","Buy","10","872","8720","1000000002565543"
"19/04/2022","09:39 AM","NSE_CASH","BDL","Buy","8","872","6976","1000000002565543"
"19/04/2022","09:39 AM","NSE_CASH","BDL","Buy","25","872.05","21801.25","1000000002565543"
"19/04/2022","09:28 AM","NSE_CASH","BDL","Sell","5","887.8","4439","1000000001443724"
"19/04/2022","09:28 AM","NSE_CASH","BDL","Sell","5","887.8","4439","1000000001443724"
"19/04/2022","10:09 AM","NSE_CASH","BDL","Sell","5","866.7","4333.5","1000000004705195"
"19/04/2022","10:09 AM","NSE_CASH","BDL","Sell","3","866.7","2600.1000000000004","1000000004705195"
"19/04/2022","10:09 AM","NSE_CASH","BDL","Sell","5","866.7","4333.5","1000000004705195"
"19/04/2022","10:09 AM","NSE_CASH","BDL","Sell","3","866.7","2600.1000000000004","1000000004705195"
"19/04/2022","10:09 AM","NSE_CASH","BDL","Sell","5","866.7","4333.5","1000000004705195"
"19/04/2022","10:09 AM","NSE_CASH","BDL","Sell","3","866.7","2600.1000000000004","1000000004705195"
"19/04/2022","10:09 AM","NSE_CASH","BDL","Sell","5","866.7","4333.5","1000000004705195"
"19/04/2022","11:52 AM","NSE_CASH","BDL","Buy","5","849.3","4246.5","1000000008892639"
"19/04/2022","10:18 AM","NSE_CASH","BDL","Sell","3","859.15","2577.45","1000000005179381"
"19/04/2022","10:18 AM","NSE_CASH","BDL","Sell","1","859.15","859.15","1000000005179381"
"19/04/2022","10:18 AM","NSE_CASH","BDL","Sell","193","859.15","165815.94999999998","1000000005179381"
"19/04/2022","10:09 AM","NSE_CASH","BDL","Sell","3","866.5","2599.5","1000000004705195"
"19/04/2022","10:09 AM","NSE_CASH","BDL","Sell","3","866.5","2599.5","1000000004705195"
"19/04/2022","10:09 AM","NSE_CASH","BDL","Sell","3","866.5","2599.5","1000000004705195"
"19/04/2022","10:09 AM","NSE_CASH","BDL","Sell","3","866.5","2599.5","1000000004705195"
"19/04/2022","10:09 AM","NSE_CASH","BDL","Sell","3","866.5","2599.5","1000000004705195"
"19/04/2022","10:09 AM","NSE_CASH","BDL","Sell","3","866.5","2599.5","1000000004705195"
"19/04/2022","10:09 AM","NSE_CASH","BDL","Sell","3","866.5","2599.5","1000000004705195"
"19/04/2022","10:09 AM","NSE_CASH","BDL","Sell","3","866.5","2599.5","1000000004705195"
"19/04/2022","10:09 AM","NSE_CASH","BDL","Sell","3","866.5","2599.5","1000000004705195"
"19/04/2022","10:05 AM","NSE_CASH","BDL","Buy","70","872.5","61075","1000000004437928"
"19/04/2022","10:09 AM","NSE_CASH","BDL","Sell","4","867.2","3468.8","1000000004705195"
"19/04/2022","10:09 AM","NSE_CASH","BDL","Sell","48","867.15","41623.2","1000000004705195"
"19/04/2022","10:09 AM","NSE_CASH","BDL","Sell","2","867.15","1734.3","1000000004705195"
"19/04/2022","10:09 AM","NSE_CASH","BDL","Sell","12","867.15","10405.8","1000000004705195"
"19/04/2022","10:09 AM","NSE_CASH","BDL","Sell","48","867.1","41620.8","1000000004705195"
"19/04/2022","10:09 AM","NSE_CASH","BDL","Sell","10","867.1","8671","1000000004705195"
"19/04/2022","10:09 AM","NSE_CASH","BDL","Sell","1","866.75","866.75","1000000004705195"
"19/04/2022","10:09 AM","NSE_CASH","BDL","Sell","86","866.75","74540.5","1000000004705195"
"19/04/2022","11:49 AM","NSE_CASH","BDL","Buy","290","850.1","246529","1000000005952738"
"19/04/2022","10:09 AM","NSE_CASH","BDL","Sell","3","866.5","2599.5","1000000004705195"
"19/04/2022","10:09 AM","NSE_CASH","BDL","Sell","3","866.5","2599.5","1000000004705195"
"19/04/2022","10:09 AM","NSE_CASH","BDL","Sell","3","866.5","2599.5","1000000004705195"
"19/04/2022","10:09 AM","NSE_CASH","BDL","Sell","3","866.5","2599.5","1000000004705195"
"19/04/2022","10:09 AM","NSE_CASH","BDL","Sell","3","866.5","2599.5","1000000004705195"
"19/04/2022","10:09 AM","NSE_CASH","BDL","Sell","3","866.5","2599.5","1000000004705195"
"19/04/2022","10:09 AM","NSE_CASH","BDL","Sell","3","866.5","2599.5","1000000004705195"
"19/04/2022","10:09 AM","NSE_CASH","BDL","Sell","3","866.5","2599.5","1000000004705195"
"19/04/2022","10:09 AM","NSE_CASH","BDL","Sell","2","866.5","1733","1000000004705195"
"19/04/2022","09:40 AM","NSE_CASH","BDL","Sell","50","868.5","43425","1000000002844204"
"19/04/2022","09:40 AM","NSE_CASH","BDL","Sell","2","868.4","1736.8","1000000002844204"
"19/04/2022","09:40 AM","NSE_CASH","BDL","Sell","2","868.4","1736.8","1000000002844204"
"19/04/2022","09:40 AM","NSE_CASH","BDL","Sell","5","868.4","4342","1000000002844204"
"19/04/2022","09:40 AM","NSE_CASH","BDL","Sell","2","868.4","1736.8","1000000002844204"
"19/04/2022","09:40 AM","NSE_CASH","BDL","Sell","2","868.4","1736.8","1000000002844204"
"19/04/2022","09:40 AM","NSE_CASH","BDL","Sell","5","868.4","4342","1000000002844204"
"19/04/2022","10:19 AM","NSE_CASH","BDL","Sell","100","862","86200","1000000005231523"
"19/04/2022","10:09 AM","NSE_CASH","BDL","Sell","20","866.6","17332","1000000004705195"
"19/04/2022","10:09 AM","NSE_CASH","BDL","Sell","86","866.55","74523.3","1000000004705195"
"19/04/2022","10:09 AM","NSE_CASH","BDL","Sell","3","866.5","2599.5","1000000004705195"
"19/04/2022","10:09 AM","NSE_CASH","BDL","Sell","3","866.5","2599.5","1000000004705195"
"19/04/2022","10:09 AM","NSE_CASH","BDL","Sell","3","866.5","2599.5","1000000004705195"
"19/04/2022","10:09 AM","NSE_CASH","BDL","Sell","3","866.5","2599.5","1000000004705195"
"19/04/2022","10:09 AM","NSE_CASH","BDL","Sell","3","866.5","2599.5","1000000004705195"
"19/04/2022","10:09 AM","NSE_CASH","BDL","Sell","3","866.5","2599.5","1000000004705195"
"19/04/2022","10:09 AM","NSE_CASH","BDL","Sell","3","866.5","2599.5","1000000004705195"
"19/04/2022","10:17 AM","NSE_CASH","BDL","Buy","33","856.4","28261.2","1000000004930903"
"19/04/2022","10:17 AM","NSE_CASH","BDL","Buy","4","856.4","3425.6","1000000004930903"
"19/04/2022","11:44 AM","NSE_CASH","BDL","Buy","200","855.2","171040","1000000006787881"
"19/04/2022","09:35 AM","NSE_CASH","BDL","Sell","19","876.25","16648.75","1000000002486846"
"19/04/2022","09:40 AM","NSE_CASH","BDL","Sell","3","868.8","2606.3999999999996","1000000002844204"
"19/04/2022","10:17 AM","NSE_CASH","BDL","Buy","7","856.45","5995.150000000001","1000000004930903"
"19/04/2022","10:17 AM","NSE_CASH","BDL","Buy","33","856.45","28262.850000000002","1000000004930903"
"19/04/2022","10:17 AM","NSE_CASH","BDL","Buy","4","856.45","3425.8","1000000004930903"
"19/04/2022","10:17 AM","NSE_CASH","BDL","Buy","12","856.55","10278.599999999999","1000000004930903"
"19/04/2022","10:17 AM","NSE_CASH","BDL","Buy","23","856.55","19700.649999999998","1000000004930903"
"19/04/2022","10:17 AM","NSE_CASH","BDL","Buy","11","856.55","9422.05","1000000004930903"
"19/04/2022","10:09 AM","NSE_CASH","BDL","Sell","3","866.5","2599.5","1000000004705195"
"19/04/2022","09:39 AM","NSE_CASH","BDL","Buy","10","871.75","8717.5","1000000002565543"
"19/04/2022","09:39 AM","NSE_CASH","BDL","Buy","10","871.8","8718","1000000002565543"
"19/04/2022","09:39 AM","NSE_CASH","BDL","Buy","1","871.85","871.85","1000000002565543"
"19/04/2022","09:39 AM","NSE_CASH","BDL","Buy","1","871.85","871.85","1000000002565543"
"19/04/2022","09:39 AM","NSE_CASH","BDL","Buy","2","871.9","1743.8","1000000002565543"
"19/04/2022","09:39 AM","NSE_CASH","BDL","Buy","2","871.9","1743.8","1000000002565543"
"19/04/2022","09:40 AM","NSE_CASH","BDL","Sell","10","869.05","8690.5","1000000002844204"
"19/04/2022","09:40 AM","NSE_CASH","BDL","Sell","5","868.3","4341.5","1000000002844204"
"19/04/2022","09:40 AM","NSE_CASH","BDL","Sell","5","868.3","4341.5","1000000002844204"
"19/04/2022","09:28 AM","NSE_CASH","BDL","Sell","32","888","28416","1000000001443724"
"19/04/2022","09:28 AM","NSE_CASH","BDL","Sell","5","887.8","4439","1000000001443724"
"19/04/2022","09:28 AM","NSE_CASH","BDL","Sell","1","887.8","887.8","1000000001443724"
"19/04/2022","09:28 AM","NSE_CASH","BDL","Sell","1","887.8","887.8","1000000001443724"
"19/04/2022","09:28 AM","NSE_CASH","BDL","Sell","1","887.8","887.8","1000000001443724"
"19/04/2022","09:28 AM","NSE_CASH","BDL","Sell","48","887.55","42602.399999999994","1000000001443724"
"19/04/2022","09:28 AM","NSE_CASH","BDL","Sell","77","887.55","68341.34999999999","1000000001443724"
"19/04/2022","09:39 AM","NSE_CASH","BDL","Buy","100","871.4","87140","1000000002565543"
"19/04/2022","09:39 AM","NSE_CASH","BDL","Buy","5","871.6","4358","1000000002565543"
"19/04/2022","09:39 AM","NSE_CASH","BDL","Buy","48","871.6","41836.8","1000000002565543"
"19/04/2022","09:39 AM","NSE_CASH","BDL","Buy","10","871.65","8716.5","1000000002565543"
"19/04/2022","09:28 AM","NSE_CASH","BDL","Sell","5","887.8","4439","1000000001443724"
"19/04/2022","09:28 AM","NSE_CASH","BDL","Sell","5","887.8","4439","1000000001443724"
"19/04/2022","09:28 AM","NSE_CASH","BDL","Sell","3","887.8","2663.3999999999996","1000000001443724"
"19/04/2022","09:28 AM","NSE_CASH","BDL","Sell","5","887.8","4439","1000000001443724"
"19/04/2022","09:28 AM","NSE_CASH","BDL","Sell","5","887.8","4439","1000000001443724"
"19/04/2022","09:28 AM","NSE_CASH","BDL","Sell","5","887.8","4439","1000000001443724"
"19/04/2022","09:28 AM","NSE_CASH","BDL","Sell","3","887.8","2663.3999999999996","1000000001443724"
"19/04/2022","09:28 AM","NSE_CASH","BDL","Sell","5","887.8","4439","1000000001443724"
"19/04/2022","09:28 AM","NSE_CASH","BDL","Sell","3","887.8","2663.3999999999996","1000000001443724"
"19/04/2022","09:28 AM","NSE_CASH","BDL","Sell","5","887.8","4439","1000000001443724"
"19/04/2022","09:28 AM","NSE_CASH","BDL","Sell","5","887.8","4439","1000000001443724"
"19/04/2022","09:28 AM","NSE_CASH","BDL","Sell","5","887.8","4439","1000000001443724"
"19/04/2022","09:28 AM","NSE_CASH","BDL","Sell","3","887.8","2663.3999999999996","1000000001443724"
"19/04/2022","09:28 AM","NSE_CASH","BDL","Sell","5","887.8","4439","1000000001443724"
"19/04/2022","09:28 AM","NSE_CASH","BDL","Sell","5","887.8","4439","1000000001443724"
"19/04/2022","09:28 AM","NSE_CASH","BDL","Sell","5","887.8","4439","1000000001443724"
"19/04/2022","09:28 AM","NSE_CASH","BDL","Sell","3","887.8","2663.3999999999996","1000000001443724"
"19/04/2022","09:16 AM","NSE_CASH","BDL","Buy","147","893.8","131388.6","1000000000297613"
"19/04/2022","09:40 AM","NSE_CASH","BDL","Sell","4","868.3","3473.2","1000000002844204"
"19/04/2022","09:28 AM","NSE_CASH","BDL","Sell","3","887.8","2663.3999999999996","1000000001443724"
"19/04/2022","09:28 AM","NSE_CASH","BDL","Sell","5","887.8","4439","1000000001443724"
"19/04/2022","09:28 AM","NSE_CASH","BDL","Sell","5","887.8","4439","1000000001443724"
"19/04/2022","09:28 AM","NSE_CASH","BDL","Sell","5","887.8","4439","1000000001443724"
"19/04/2022","09:28 AM","NSE_CASH","BDL","Sell","2","887.8","1775.6","1000000001443724"
"19/04/2022","09:28 AM","NSE_CASH","BDL","Sell","5","887.8","4439","1000000001443724"
"19/04/2022","09:28 AM","NSE_CASH","BDL","Sell","5","887.8","4439","1000000001443724"
"19/04/2022","09:28 AM","NSE_CASH","BDL","Sell","5","887.8","4439","1000000001443724"
"19/04/2022","09:28 AM","NSE_CASH","BDL","Sell","5","887.8","4439","1000000001443724"
"19/04/2022","09:16 AM","NSE_CASH","BDL","Buy","62","893.8","55415.6","1000000000297613"
"19/04/2022","09:32 AM","NSE_CASH","BDL","Buy","300","881.75","264525","1000000001947498"
"19/04/2022","09:35 AM","NSE_CASH","BDL","Sell","24","876.15","21027.6","1000000002486846"
"19/04/2022","09:35 AM","NSE_CASH","BDL","Sell","10","876.1","8761","1000000002486846"
"19/04/2022","09:35 AM","NSE_CASH","BDL","Sell","4","876.1","3504.4","1000000002486846"
"19/04/2022","09:35 AM","NSE_CASH","BDL","Sell","4","876.1","3504.4","1000000002486846"
"19/04/2022","09:35 AM","NSE_CASH","BDL","Sell","4","876.1","3504.4","1000000002486846"
"19/04/2022","09:35 AM","NSE_CASH","BDL","Sell","20","876.05","17521","1000000002486846"
"19/04/2022","09:35 AM","NSE_CASH","BDL","Sell","1","876","876","1000000002486846"
"19/04/2022","09:35 AM","NSE_CASH","BDL","Sell","11","876","9636","1000000002486846"
"19/04/2022","10:09 AM","NSE_CASH","BDL","Sell","3","866.7","2600.1000000000004","1000000004705195"
"19/04/2022","09:40 AM","NSE_CASH","BDL","Sell","5","868.4","4342","1000000002844204"
"19/04/2022","09:40 AM","NSE_CASH","BDL","Sell","1","868.4","868.4","1000000002844204"
"19/04/2022","09:40 AM","NSE_CASH","BDL","Sell","1","868.4","868.4","1000000002844204"
"19/04/2022","09:40 AM","NSE_CASH","BDL","Sell","11","868.4","9552.4","1000000002844204"
"19/04/2022","09:40 AM","NSE_CASH","BDL","Sell","42","868.35","36470.700000000004","1000000002844204"
"19/04/2022","09:40 AM","NSE_CASH","BDL","Sell","63","868.3","54702.899999999994","1000000002844204"
"19/04/2022","09:40 AM","NSE_CASH","BDL","Sell","5","868.3","4341.5","1000000002844204"
"19/04/2022","10:17 AM","NSE_CASH","BDL","Buy","10","856.55","8565.5","1000000004930903"
"19/04/2022","09:39 AM","NSE_CASH","BDL","Buy","250","870","217500","1000000002732551"
"19/04/2022","10:17 AM","NSE_CASH","BDL","Buy","7","856.4","5994.8","1000000004930903"
"19/04/2022","09:39 AM","NSE_CASH","BDL","Buy","10","871.7","8717","1000000002565543"
"19/04/2022","10:09 AM","NSE_CASH","BDL","Sell","7","867.3","6071.099999999999","1000000004705195"
"19/04/2022","10:09 AM","NSE_CASH","BDL","Sell","2","866.5","1733","1000000004705195"
"19/04/2022","10:09 AM","NSE_CASH","BDL","Sell","5","866.5","4332.5","1000000004705195"
"19/04/2022","10:09 AM","NSE_CASH","BDL","Sell","11","866.45","9530.95","1000000004705195"
"19/04/2022","10:09 AM","NSE_CASH","BDL","Sell","5","866.2","4331","1000000004705195"
"19/04/2022","10:09 AM","NSE_CASH","BDL","Sell","17","866.2","14725.400000000001","1000000004705195"
"19/04/2022","10:09 AM","NSE_CASH","BDL","Sell","1","866.2","866.2","1000000004705195"
"19/04/2022","10:09 AM","NSE_CASH","BDL","Sell","62","866.2","53704.4","1000000004705195"
"19/04/2022","09:40 AM","NSE_CASH","BDL","Sell","4","868.3","3473.2","1000000002844204"
"19/04/2022","10:24 AM","NSE_CASH","BDL","Sell","90","864","77760","1000000005481166"
"19/04/2022","10:17 AM","NSE_CASH","BDL","Buy","30","856.4","25692","1000000004930903"
"19/04/2022","10:07 AM","NSE_CASH","BDL","Buy","2","872.7","1745.4","1000000004437928"
"19/04/2022","10:09 AM","NSE_CASH","BDL","Sell","5","866.7","4333.5","1000000004705195"
"19/04/2022","11:52 AM","NSE_CASH","BDL","Buy","23","849.35","19535.05","1000000008892639"
"19/04/2022","11:52 AM","NSE_CASH","BDL","Buy","31","849.35","26329.850000000002","1000000008892639"
"19/04/2022","11:52 AM","NSE_CASH","BDL","Buy","94","849.35","79838.90000000001","1000000008892639"
"19/04/2022","11:52 AM","NSE_CASH","BDL","Buy","14","849.4","11891.6","1000000008892639"
"19/04/2022","11:52 AM","NSE_CASH","BDL","Buy","33","849.45","28031.850000000002","1000000008892639"
"19/04/2022","09:28 AM","NSE_CASH","BDL","Sell","5","887.8","4439","1000000001443724"
"19/04/2022","10:09 AM","NSE_CASH","BDL","Sell","3","866.7","2600.1000000000004","1000000004705195"
"19/04/2022","09:40 AM","NSE_CASH","BDL","Sell","2","868.4","1736.8","1000000002844204"
"19/04/2022","10:05 AM","NSE_CASH","BDL","Buy","124","872.5","108190","1000000004437928"
"19/04/2022","09:35 AM","NSE_CASH","BDL","Sell","8","877.15","7017.2","1000000002462409"
"19/04/2022","09:35 AM","NSE_CASH","BDL","Sell","6","877.15","5262.9","1000000002462409"
"19/04/2022","09:35 AM","NSE_CASH","BDL","Sell","34","877.15","29823.1","1000000002462409"
"19/04/2022","09:35 AM","NSE_CASH","BDL","Sell","6","877.1","5262.6","1000000002462409"
"19/04/2022","09:35 AM","NSE_CASH","BDL","Sell","21","877.1","18419.100000000002","1000000002462409"
"19/04/2022","09:35 AM","NSE_CASH","BDL","Sell","21","877.1","18419.100000000002","1000000002462409"
"19/04/2022","09:35 AM","NSE_CASH","BDL","Sell","8","877.05","7016.4","1000000002462409"
"19/04/2022","09:35 AM","NSE_CASH","BDL","Sell","246","877","215742","1000000002462409"
"19/04/2022","09:37 AM","NSE_CASH","BDL","Buy","20","863.3","17266","1000000002630541"
"19/04/2022","09:37 AM","NSE_CASH","BDL","Buy","6","863.3","5179.799999999999","1000000002630541"
"19/04/2022","09:37 AM","NSE_CASH","BDL","Buy","74","863.3","63884.2","1000000002630541"
"19/04/2022","10:09 AM","NSE_CASH","BDL","Sell","300","870.05","261015","1000000004555443"
"19/04/2022","10:03 AM","NSE_CASH","BDL","Buy","600","874.7","524820","1000000002950643"
"19/04/2022","10:09 AM","NSE_CASH","BDL","Sell","5","866.7","4333.5","1000000004705195"
"19/04/2022","09:40 AM","NSE_CASH","BDL","Sell","5","869","4345","1000000002844204"
"19/04/2022","09:40 AM","NSE_CASH","BDL","Sell","13","868.95","11296.35","1000000002844204"
"19/04/2022","09:40 AM","NSE_CASH","BDL","Sell","24","868.95","20854.800000000003","1000000002844204"
"19/04/2022","09:40 AM","NSE_CASH","BDL","Sell","11","868.9","9557.9","1000000002844204"
"19/04/2022","09:40 AM","NSE_CASH","BDL","Sell","12","868.9","10426.8","1000000002844204"
"19/04/2022","09:40 AM","NSE_CASH","BDL","Sell","10","868.9","8689","1000000002844204"
"19/04/2022","09:40 AM","NSE_CASH","BDL","Sell","12","868.85","10426.2","1000000002844204"
"19/04/2022","10:09 AM","NSE_CASH","BDL","Sell","5","866.7","4333.5","1000000004705195"
"19/04/2022","10:09 AM","NSE_CASH","BDL","Sell","3","866.7","2600.1000000000004","1000000004705195"
"20/04/2022","02:38 PM","NSE_CASH","BDL","Buy","36","789.45","28420.2","1000000018730571"
"20/04/2022","02:38 PM","NSE_CASH","BDL","Buy","14","789.5","11053","1000000018730571"
"20/04/2022","09:21 AM","NSE_CASH","BDL","Buy","83","849.1","70475.3","1000000000695092"
"20/04/2022","10:59 AM","NSE_CASH","BDL","Buy","42","829.9","34855.799999999996","1000000007223624"
"20/04/2022","10:59 AM","NSE_CASH","BDL","Buy","6","829.9","4979.4","1000000007223624"
"20/04/2022","10:12 AM","NSE_CASH","BDL","Sell","5","860.5","4302.5","1000000005416471"
"20/04/2022","10:17 AM","NSE_CASH","BDL","Sell","10","848.85","8488.5","1000000005738591"
"20/04/2022","10:15 AM","NSE_CASH","BDL","Sell","5","849.9","4249.5","1000000005637549"
"20/04/2022","10:38 AM","NSE_CASH","BDL","Buy","11","836.95","9206.45","1000000006830295"
"20/04/2022","10:15 AM","NSE_CASH","BDL","Buy","50","854","42700","1000000005555795"
"20/04/2022","10:15 AM","NSE_CASH","BDL","Buy","4","854","3416","1000000005555795"
"20/04/2022","10:15 AM","NSE_CASH","BDL","Buy","10","854.1","8541","1000000005555795"
"20/04/2022","10:15 AM","NSE_CASH","BDL","Buy","9","854.1","7686.900000000001","1000000005555795"
"20/04/2022","10:15 AM","NSE_CASH","BDL","Buy","10","854.1","8541","1000000005555795"
"20/04/2022","10:15 AM","NSE_CASH","BDL","Buy","2","854.25","1708.5","1000000005555795"
"20/04/2022","10:15 AM","NSE_CASH","BDL","Buy","86","854.3","73469.8","1000000005555795"
"20/04/2022","10:16 AM","NSE_CASH","BDL","Buy","22","851","18722","1000000005696424"
"20/04/2022","10:16 AM","NSE_CASH","BDL","Buy","578","851","491878","1000000005696424"
"20/04/2022","09:37 AM","NSE_CASH","BDL","Sell","150","844","126600","1000000002843089"
"20/04/2022","09:24 AM","NSE_CASH","BDL","Sell","20","843.4","16868","1000000001174394"
"20/04/2022","10:17 AM","NSE_CASH","BDL","Sell","8","848.75","6790","1000000005738591"
"20/04/2022","10:15 AM","NSE_CASH","BDL","Sell","2","849.9","1699.8","1000000005637549"
"20/04/2022","10:17 AM","NSE_CASH","BDL","Sell","5","849","4245","1000000005769929"
"20/04/2022","11:05 AM","NSE_CASH","BDL","Sell","19","823","15637","1000000008289274"
"20/04/2022","09:24 AM","NSE_CASH","BDL","Sell","10","843.35","8433.5","1000000001174394"
"20/04/2022","10:24 AM","NSE_CASH","BDL","Sell","1","847.95","847.95","1000000006142650"
"20/04/2022","10:24 AM","NSE_CASH","BDL","Sell","4","847.6","3390.4","1000000006142650"
"20/04/2022","12:15 PM","NSE_CASH","BDL","Sell","1","821","821","1000000011949487"
"20/04/2022","12:15 PM","NSE_CASH","BDL","Sell","3","821","2463","1000000011949487"
"20/04/2022","12:15 PM","NSE_CASH","BDL","Sell","96","821","78816","1000000011949487"
"20/04/2022","10:15 AM","NSE_CASH","BDL","Sell","54","849.55","45875.7","1000000005637549"
"20/04/2022","10:15 AM","NSE_CASH","BDL","Sell","40","849.25","33970","1000000005637549"
"20/04/2022","09:24 AM","NSE_CASH","BDL","Sell","43","843.3","36261.9","1000000001174394"
"20/04/2022","10:17 AM","NSE_CASH","BDL","Sell","8","848.9","6791.2","1000000005738591"
"20/04/2022","12:15 PM","NSE_CASH","BDL","Sell","2","820.7","1641.4","1000000011822786"
"20/04/2022","12:15 PM","NSE_CASH","BDL","Sell","5","820.7","4103.5","1000000011822786"
"20/04/2022","12:15 PM","NSE_CASH","BDL","Sell","1","820.7","820.7","1000000011822786"
"20/04/2022","12:15 PM","NSE_CASH","BDL","Sell","38","820.7","31186.600000000002","1000000011822786"
"20/04/2022","12:15 PM","NSE_CASH","BDL","Sell","8","820.65","6565.2","1000000011822786"
"20/04/2022","12:15 PM","NSE_CASH","BDL","Sell","1","820.65","820.65","1000000011822786"
"20/04/2022","12:15 PM","NSE_CASH","BDL","Sell","100","820.6","82060","1000000011822786"
"20/04/2022","10:12 AM","NSE_CASH","BDL","Sell","1","860.4","860.4","1000000005416471"
"20/04/2022","10:15 AM","NSE_CASH","BDL","Buy","330","855","282150","1000000005611776"
"20/04/2022","10:15 AM","NSE_CASH","BDL","Buy","1","855","855","1000000005611776"
"20/04/2022","10:15 AM","NSE_CASH","BDL","Buy","265","855","226575","1000000005611776"
"20/04/2022","09:21 AM","NSE_CASH","BDL","Buy","417","849.1","354074.7","1000000000695092"
"20/04/2022","12:15 PM","NSE_CASH","BDL","Sell","4","820.4","3281.6","1000000011822786"
"20/04/2022","12:15 PM","NSE_CASH","BDL","Sell","41","820.4","33636.4","1000000011822786"
"20/04/2022","09:26 AM","NSE_CASH","BDL","Sell","25","845.1","21127.5","1000000001201243"
"20/04/2022","09:26 AM","NSE_CASH","BDL","Sell","2","845.05","1690.1","1000000001201243"
"20/04/2022","09:26 AM","NSE_CASH","BDL","Sell","3","845.05","2535.1499999999996","1000000001201243"
"20/04/2022","09:26 AM","NSE_CASH","BDL","Sell","3","845.05","2535.1499999999996","1000000001201243"
"20/04/2022","09:26 AM","NSE_CASH","BDL","Sell","7","845.05","5915.349999999999","1000000001201243"
"20/04/2022","09:26 AM","NSE_CASH","BDL","Sell","308","845","260260","1000000001201243"
"20/04/2022","09:26 AM","NSE_CASH","BDL","Sell","50","845","42250","1000000001201243"
"20/04/2022","09:24 AM","NSE_CASH","BDL","Sell","100","844","84400","1000000001174394"
"20/04/2022","09:24 AM","NSE_CASH","BDL","Sell","50","844","42200","1000000001174394"
"20/04/2022","09:24 AM","NSE_CASH","BDL","Sell","40","844","33760","1000000001174394"
"20/04/2022","09:24 AM","NSE_CASH","BDL","Sell","5","843.55","4217.75","1000000001174394"
"20/04/2022","09:24 AM","NSE_CASH","BDL","Sell","2","843.55","1687.1","1000000001174394"
"20/04/2022","09:24 AM","NSE_CASH","BDL","Sell","38","843.55","32054.899999999998","1000000001174394"
"20/04/2022","09:24 AM","NSE_CASH","BDL","Sell","10","843.5","8435","1000000001174394"
"20/04/2022","10:11 AM","NSE_CASH","BDL","Buy","8","866.55","6932.4","1000000005359624"
"20/04/2022","10:12 AM","NSE_CASH","BDL","Sell","11","861.05","9471.55","1000000005400441"
"20/04/2022","10:15 AM","NSE_CASH","BDL","Sell","2","849.9","1699.8","1000000005637549"
"20/04/2022","10:15 AM","NSE_CASH","BDL","Sell","3","849.9","2549.7","1000000005637549"
"20/04/2022","10:15 AM","NSE_CASH","BDL","Sell","5","849.9","4249.5","1000000005637549"
"20/04/2022","10:15 AM","NSE_CASH","BDL","Sell","2","849.9","1699.8","1000000005637549"
"20/04/2022","10:12 AM","NSE_CASH","BDL","Sell","17","861.05","14637.849999999999","1000000005400441"
"20/04/2022","10:12 AM","NSE_CASH","BDL","Sell","4","861.05","3444.2","1000000005400441"
"20/04/2022","10:12 AM","NSE_CASH","BDL","Sell","70","861.05","60273.5","1000000005400441"
"20/04/2022","10:12 AM","NSE_CASH","BDL","Sell","367","861","315987","1000000005400441"
"20/04/2022","10:32 AM","NSE_CASH","BDL","Buy","50","837.35","41867.5","1000000005952026"
"20/04/2022","02:27 PM","NSE_CASH","BDL","Buy","70","797.9","55853","1000000017871352"
"20/04/2022","02:20 PM","NSE_CASH","BDL","Buy","186","805.9","149897.4","1000000012110979"
"20/04/2022","02:21 PM","NSE_CASH","BDL","Buy","2","799.75","1599.5","1000000016511660"
"20/04/2022","02:21 PM","NSE_CASH","BDL","Buy","178","799.75","142355.5","1000000016511660"
"20/04/2022","09:24 AM","NSE_CASH","BDL","Sell","157","843.25","132390.25","1000000001174394"
"20/04/2022","10:59 AM","NSE_CASH","BDL","Buy","1","829.9","829.9","1000000007223624"
"20/04/2022","10:15 AM","NSE_CASH","BDL","Sell","48","850.9","40843.2","1000000005637549"
"20/04/2022","10:15 AM","NSE_CASH","BDL","Sell","9","850.85","7657.650000000001","1000000005637549"
"20/04/2022","10:15 AM","NSE_CASH","BDL","Sell","48","850.85","40840.8","1000000005637549"
"20/04/2022","10:12 AM","NSE_CASH","BDL","Sell","4","860.4","3441.6","1000000005416471"
"20/04/2022","10:12 AM","NSE_CASH","BDL","Sell","7","860.4","6022.8","1000000005416471"
"20/04/2022","10:12 AM","NSE_CASH","BDL","Sell","6","860.35","5162.1","1000000005416471"
"20/04/2022","11:05 AM","NSE_CASH","BDL","Sell","10","823","8230","1000000008289274"
"20/04/2022","10:59 AM","NSE_CASH","BDL","Buy","4","829.9","3319.6","1000000007223624"
"20/04/2022","10:59 AM","NSE_CASH","BDL","Buy","2","829.9","1659.8","1000000007223624"
"20/04/2022","10:59 AM","NSE_CASH","BDL","Buy","45","829.95","37347.75","1000000007223624"
"20/04/2022","10:15 AM","NSE_CASH","BDL","Sell","5","849.9","4249.5","1000000005637549"
"20/04/2022","10:10 AM","NSE_CASH","BDL","Buy","750","864","648000","1000000005263242"
"20/04/2022","10:38 AM","NSE_CASH","BDL","Buy","4","836.8","3347.2","1000000006830295"
"20/04/2022","10:38 AM","NSE_CASH","BDL","Buy","39","836.8","32635.199999999997","1000000006830295"
"20/04/2022","10:38 AM","NSE_CASH","BDL","Buy","20","836.8","16736","1000000006830295"
"20/04/2022","10:38 AM","NSE_CASH","BDL","Buy","1","836.8","836.8","1000000006830295"
"20/04/2022","09:26 AM","NSE_CASH","BDL","Sell","1","845.15","845.15","1000000001201243"
"20/04/2022","10:15 AM","NSE_CASH","BDL","Sell","3","849.9","2549.7","1000000005637549"
"20/04/2022","10:17 AM","NSE_CASH","BDL","Sell","10","848.75","8487.5","1000000005738591"
"20/04/2022","10:14 AM","NSE_CASH","BDL","Buy","256","851","217856","1000000005467297"
"20/04/2022","10:14 AM","NSE_CASH","BDL","Buy","44","851","37444","1000000005467297"
"20/04/2022","10:15 AM","NSE_CASH","BDL","Sell","2","849.9","1699.8","1000000005637549"
"20/04/2022","10:15 AM","NSE_CASH","BDL","Sell","3","849.9","2549.7","1000000005637549"
"20/04/2022","10:15 AM","NSE_CASH","BDL","Sell","5","849.9","4249.5","1000000005637549"
"20/04/2022","10:15 AM","NSE_CASH","BDL","Sell","3","849.9","2549.7","1000000005637549"
"20/04/2022","10:15 AM","NSE_CASH","BDL","Sell","5","849.9","4249.5","1000000005637549"
"20/04/2022","10:15 AM","NSE_CASH","BDL","Sell","3","849.9","2549.7","1000000005637549"
"20/04/2022","10:15 AM","NSE_CASH","BDL","Sell","13","849.9","11048.699999999999","1000000005637549"
"20/04/2022","10:15 AM","NSE_CASH","BDL","Sell","14","849.6","11894.4","1000000005637549"
"20/04/2022","10:17 AM","NSE_CASH","BDL","Sell","10","848.8","8488","1000000005738591"
"20/04/2022","10:17 AM","NSE_CASH","BDL","Sell","16","848.8","13580.8","1000000005738591"
"20/04/2022","10:11 AM","NSE_CASH","BDL","Buy","43","866.55","37261.65","1000000005359624"
"20/04/2022","10:15 AM","NSE_CASH","BDL","Sell","4","850.15","3400.6","1000000005637549"
"20/04/2022","12:04 PM","NSE_CASH","BDL","Buy","182","825","150150","1000000011332643"
"20/04/2022","12:04 PM","NSE_CASH","BDL","Buy","5","825","4125","1000000011332643"
"20/04/2022","12:04 PM","NSE_CASH","BDL","Buy","113","825","93225","1000000011332643"
"20/04/2022","11:05 AM","NSE_CASH","BDL","Sell","5","823","4115","1000000008289274"
"20/04/2022","10:15 AM","NSE_CASH","BDL","Sell","3","849.9","2549.7","1000000005637549"
"20/04/2022","10:17 AM","NSE_CASH","BDL","Sell","4","848.7","3394.8","1000000005738591"
"20/04/2022","09:24 AM","NSE_CASH","BDL","Sell","25","844.1","21102.5","1000000001174394"
"20/04/2022","10:15 AM","NSE_CASH","BDL","Sell","200","850.1","170020","1000000005637549"
"20/04/2022","10:15 AM","NSE_CASH","BDL","Sell","2","849.9","1699.8","1000000005637549"
"20/04/2022","10:15 AM","NSE_CASH","BDL","Sell","3","849.9","2549.7","1000000005637549"
"20/04/2022","10:15 AM","NSE_CASH","BDL","Buy","19","853.7","16220.300000000001","1000000005555795"
"20/04/2022","10:15 AM","NSE_CASH","BDL","Buy","81","853.8","69157.8","1000000005555795"
"20/04/2022","10:15 AM","NSE_CASH","BDL","Buy","20","853.9","17078","1000000005555795"
"20/04/2022","10:15 AM","NSE_CASH","BDL","Buy","8","853.95","6831.6","1000000005555795"
"20/04/2022","10:15 AM","NSE_CASH","BDL","Buy","1","854","854","1000000005555795"
"20/04/2022","10:15 AM","NSE_CASH","BDL","Sell","10","850.7","8507","1000000005637549"
"20/04/2022","10:15 AM","NSE_CASH","BDL","Sell","10","850.6","8506","1000000005637549"
"20/04/2022","10:15 AM","NSE_CASH","BDL","Sell","11","850.55","9356.05","1000000005637549"
"20/04/2022","10:15 AM","NSE_CASH","BDL","Sell","16","850.35","13605.6","1000000005637549"
"20/04/2022","10:15 AM","NSE_CASH","BDL","Sell","35","850.3","29760.5","1000000005637549"
"20/04/2022","10:15 AM","NSE_CASH","BDL","Sell","8","850.25","6802","1000000005637549"
"20/04/2022","10:15 AM","NSE_CASH","BDL","Sell","8","850.2","6801.6","1000000005637549"
"20/04/2022","10:12 AM","NSE_CASH","BDL","Sell","568","860.65","488849.2","1000000005416471"
"20/04/2022","10:16 AM","NSE_CASH","BDL","Buy","4","851","3404","1000000005696424"
"20/04/2022","10:17 AM","NSE_CASH","BDL","Sell","595","849","505155","1000000005769929"
"20/04/2022","02:17 PM","NSE_CASH","BDL","Buy","150","810.85","121627.5","1000000015495741"
"20/04/2022","10:15 AM","NSE_CASH","BDL","Buy","4","855","3420","1000000005611776"
"20/04/2022","11:05 AM","NSE_CASH","BDL","Sell","150","823","123450","1000000008289274"
"20/04/2022","10:15 AM","NSE_CASH","BDL","Sell","2","850.7","1701.4","1000000005637549"
"20/04/2022","10:24 AM","NSE_CASH","BDL","Sell","5","848","4240","1000000006142650"
"20/04/2022","10:15 AM","NSE_CASH","BDL","Sell","9","850.7","7656.3","1000000005637549"
"20/04/2022","10:42 AM","NSE_CASH","BDL","Sell","170","834.75","141907.5","1000000007091006"
"20/04/2022","10:12 AM","NSE_CASH","BDL","Sell","9","860.45","7744.05","1000000005416471"
"20/04/2022","10:12 AM","NSE_CASH","BDL","Sell","10","861.7","8617","1000000005400441"
"20/04/2022","10:12 AM","NSE_CASH","BDL","Sell","100","861.6","86160","1000000005400441"
"20/04/2022","10:12 AM","NSE_CASH","BDL","Sell","11","861.55","9477.05","1000000005400441"
"20/04/2022","10:12 AM","NSE_CASH","BDL","Sell","2","861.5","1723","1000000005400441"
"20/04/2022","10:12 AM","NSE_CASH","BDL","Sell","10","861.5","8615","1000000005400441"
"20/04/2022","10:12 AM","NSE_CASH","BDL","Sell","10","861.45","8614.5","1000000005400441"
"20/04/2022","10:12 AM","NSE_CASH","BDL","Sell","30","861.4","25842","1000000005400441"
"20/04/2022","10:12 AM","NSE_CASH","BDL","Sell","2","861.35","1722.7","1000000005400441"
"20/04/2022","10:12 AM","NSE_CASH","BDL","Sell","1","861.3","861.3","1000000005400441"
"20/04/2022","10:17 AM","NSE_CASH","BDL","Sell","3","849.05","2547.1499999999996","1000000005738591"
"20/04/2022","10:38 AM","NSE_CASH","BDL","Buy","5","836.95","4184.75","1000000006830295"
"20/04/2022","10:15 AM","NSE_CASH","BDL","Sell","5","849.9","4249.5","1000000005637549"
"20/04/2022","11:01 AM","NSE_CASH","BDL","Buy","100","820.2","82020","1000000008081753"
"20/04/2022","10:12 AM","NSE_CASH","BDL","Sell","5","861.2","4306","1000000005400441"
"20/04/2022","10:11 AM","NSE_CASH","BDL","Buy","600","865.85","519510","1000000005295659"
"20/04/2022","09:26 AM","NSE_CASH","BDL","Sell","12","845.25","10143","1000000001201243"
"20/04/2022","09:26 AM","NSE_CASH","BDL","Sell","155","845.2","131006","1000000001201243"
"20/04/2022","09:26 AM","NSE_CASH","BDL","Sell","13","845.2","10987.6","1000000001201243"
"20/04/2022","09:26 AM","NSE_CASH","BDL","Sell","10","845.2","8452","1000000001201243"
"20/04/2022","09:26 AM","NSE_CASH","BDL","Sell","11","845.15","9296.65","1000000001201243"
"20/04/2022","11:05 AM","NSE_CASH","BDL","Sell","70","823","57610","1000000008289274"
"20/04/2022","11:05 AM","NSE_CASH","BDL","Sell","17","823","13991","1000000008289274"
"20/04/2022","10:12 AM","NSE_CASH","BDL","Sell","9","862","7758","1000000005400441"
"20/04/2022","10:12 AM","NSE_CASH","BDL","Sell","1","861.7","861.7","1000000005400441"
"20/04/2022","10:38 AM","NSE_CASH","BDL","Buy","20","836.9","16738","1000000006830295"
"20/04/2022","10:19 AM","NSE_CASH","BDL","Sell","4","849.85","3399.4","1000000005858335"
"20/04/2022","10:19 AM","NSE_CASH","BDL","Sell","8","849.8","6798.4","1000000005858335"
"20/04/2022","10:34 AM","NSE_CASH","BDL","Buy","100","837.35","83735","1000000005952026"
"20/04/2022","10:11 AM","NSE_CASH","BDL","Buy","9","866.55","7798.95","1000000005359624"
"20/04/2022","10:17 AM","NSE_CASH","BDL","Sell","10","848.65","8486.5","1000000005738591"
"20/04/2022","10:17 AM","NSE_CASH","BDL","Sell","4","848.65","3394.6","1000000005738591"
"20/04/2022","10:17 AM","NSE_CASH","BDL","Sell","90","848.65","76378.5","1000000005738591"
"20/04/2022","10:17 AM","NSE_CASH","BDL","Sell","427","848.65","362373.55","1000000005738591"
"20/04/2022","11:05 AM","NSE_CASH","BDL","Sell","29","823","23867","1000000008289274"
"20/04/2022","10:19 AM","NSE_CASH","BDL","Sell","48","849.8","40790.399999999994","1000000005858335"
"20/04/2022","02:35 PM","NSE_CASH","BDL","Buy","24","790.45","18970.800000000003","1000000018312199"
"20/04/2022","02:35 PM","NSE_CASH","BDL","Buy","26","790.55","20554.3","1000000018312199"
"21/04/2022","09:28 AM","NSE_CASH","ANGELONE","Sell","42","1773.5","74487","1000000001812048"
"21/04/2022","09:28 AM","NSE_CASH","ANGELONE","Sell","8","1773.4","14187.2","1000000001812048"
"21/04/2022","09:28 AM","NSE_CASH","ANGELONE","Sell","22","1773.25","39011.5","1000000001812048"
"21/04/2022","09:38 AM","NSE_CASH","ANGELONE","Sell","24","1765","42360","1000000002701742"
"21/04/2022","09:35 AM","NSE_CASH","ANGELONE","Sell","40","1763","70520","1000000002359689"
"21/04/2022","09:35 AM","NSE_CASH","ANGELONE","Sell","30","1763","52890","1000000002359689"
"21/04/2022","09:22 AM","NSE_CASH","ANGELONE","Buy","25","1736.65","43416.25","1000000001129023"
"21/04/2022","09:22 AM","NSE_CASH","ANGELONE","Buy","25","1736.7","43417.5","1000000001129023"
"21/04/2022","10:00 AM","NSE_CASH","ANGELONE","Buy","8","1707.95","13663.6","1000000003743117"
"21/04/2022","09:33 AM","NSE_CASH","ANGELONE","Buy","5","1783.55","8917.75","1000000002017944"
"21/04/2022","09:33 AM","NSE_CASH","ANGELONE","Buy","95","1783.7","169451.5","1000000002017944"
"21/04/2022","09:55 AM","NSE_CASH","ANGELONE","Buy","8","1731.85","13854.8","1000000003342062"
"21/04/2022","09:55 AM","NSE_CASH","ANGELONE","Buy","42","1731.85","72737.7","1000000003342062"
"21/04/2022","11:33 AM","NSE_CASH","ANGELONE","Buy","18","1726.95","31085.100000000002","1000000008347002"
"21/04/2022","11:33 AM","NSE_CASH","ANGELONE","Buy","15","1727","25905","1000000008347002"
"21/04/2022","09:42 AM","NSE_CASH","ANGELONE","Sell","1","1726.5","1726.5","1000000002912507"
"21/04/2022","09:42 AM","NSE_CASH","ANGELONE","Sell","3","1726.45","5179.35","1000000002912507"
"21/04/2022","09:42 AM","NSE_CASH","ANGELONE","Sell","48","1726.4","82867.20000000001","1000000002912507"
"21/04/2022","09:26 AM","NSE_CASH","ANGELONE","Buy","3","1749.9","5249.700000000001","1000000001368481"
"21/04/2022","09:28 AM","NSE_CASH","ANGELONE","Sell","100","1777.15","177715","1000000001671144"
"21/04/2022","10:44 AM","NSE_CASH","ANGELONE","Buy","110","1712.9","188419","1000000005968039"
"21/04/2022","11:35 AM","NSE_CASH","ANGELONE","Buy","15","1728.05","25920.75","1000000008473609"
"21/04/2022","09:22 AM","NSE_CASH","ANGELONE","Buy","50","1737.45","86872.5","1000000001156576"
"21/04/2022","10:00 AM","NSE_CASH","ANGELONE","Buy","29","1707.95","49530.55","1000000003743117"
"21/04/2022","10:00 AM","NSE_CASH","ANGELONE","Buy","3","1707.95","5123.85","1000000003743117"
"21/04/2022","09:47 AM","NSE_CASH","ANGELONE","Sell","100","1737","173700","1000000003205363"
"21/04/2022","09:35 AM","NSE_CASH","ANGELONE","Sell","30","1763","52890","1000000002359689"
"21/04/2022","11:35 AM","NSE_CASH","ANGELONE","Buy","75","1728.05","129603.75","1000000008473609"
"21/04/2022","11:35 AM","NSE_CASH","ANGELONE","Sell","1","1728","1728","1000000008521252"
"21/04/2022","09:38 AM","NSE_CASH","ANGELONE","Sell","47","1765.25","82966.75","1000000002701742"
"21/04/2022","09:38 AM","NSE_CASH","ANGELONE","Sell","1","1765.2","1765.2","1000000002701742"
"21/04/2022","09:38 AM","NSE_CASH","ANGELONE","Sell","1","1765.05","1765.05","1000000002701742"
"21/04/2022","09:38 AM","NSE_CASH","ANGELONE","Sell","10","1765.05","17650.5","1000000002701742"
"21/04/2022","09:38 AM","NSE_CASH","ANGELONE","Sell","17","1765.05","30005.85","1000000002701742"
"21/04/2022","09:25 AM","NSE_CASH","ANGELONE","Buy","50","1740","87000","1000000001407245"
"21/04/2022","10:02 AM","NSE_CASH","ANGELONE","Sell","149","1715.2","255564.80000000002","1000000004290679"
"21/04/2022","11:35 AM","NSE_CASH","ANGELONE","Buy","10","1728.05","17280.5","1000000008473609"
"21/04/2022","11:33 AM","NSE_CASH","ANGELONE","Buy","10","1726.95","17269.5","1000000008347002"
"21/04/2022","10:02 AM","NSE_CASH","ANGELONE","Sell","10","1715.2","17152","1000000004290679"
"21/04/2022","10:02 AM","NSE_CASH","ANGELONE","Sell","41","1715.2","70323.2","1000000004290679"
"21/04/2022","10:58 AM","NSE_CASH","ANGELONE","Buy","50","1712","85600","1000000005961099"
"21/04/2022","09:21 AM","NSE_CASH","ANGELONE","Buy","150","1717","257550","1000000000805549"
"21/04/2022","11:33 AM","NSE_CASH","ANGELONE","Buy","7","1726.95","12088.65","1000000008347002"
"21/04/2022","10:03 AM","NSE_CASH","ANGELONE","Sell","20","1720","34400","1000000004340707"
"21/04/2022","09:18 AM","NSE_CASH","ANGELONE","Sell","250","1735.65","433912.5","1000000000708967"
"21/04/2022","10:03 AM","NSE_CASH","ANGELONE","Sell","80","1720.2","137616","1000000004340707"
"21/04/2022","11:29 AM","NSE_CASH","ANGELONE","Buy","100","1736.55","173655","1000000005900697"
"21/04/2022","09:37 AM","NSE_CASH","ANGELONE","Buy","48","1771.2","85017.6","1000000002629989"
"21/04/2022","09:37 AM","NSE_CASH","ANGELONE","Buy","51","1771.25","90333.75","1000000002629989"
"21/04/2022","09:37 AM","NSE_CASH","ANGELONE","Buy","1","1771.35","1771.35","1000000002629989"
"21/04/2022","09:26 AM","NSE_CASH","ANGELONE","Buy","6","1749.7","10498.2","1000000001368481"
"21/04/2022","09:26 AM","NSE_CASH","ANGELONE","Buy","10","1749.7","17497","1000000001368481"
"21/04/2022","09:26 AM","NSE_CASH","ANGELONE","Buy","1","1749.7","1749.7","1000000001368481"
"21/04/2022","09:42 AM","NSE_CASH","ANGELONE","Sell","48","1726.5","82872","1000000002912507"
"21/04/2022","11:33 AM","NSE_CASH","ANGELONE","Buy","1","1727.1","1727.1","1000000006372752"
"21/04/2022","09:28 AM","NSE_CASH","ANGELONE","Sell","28","1773.55","49659.4","1000000001812048"
"21/04/2022","09:26 AM","NSE_CASH","ANGELONE","Buy","22","1749.7","38493.4","1000000001368481"
"21/04/2022","09:26 AM","NSE_CASH","ANGELONE","Buy","79","1749.75","138230.25","1000000001368481"
"21/04/2022","09:26 AM","NSE_CASH","ANGELONE","Buy","1","1749.75","1749.75","1000000001368481"
"21/04/2022","09:26 AM","NSE_CASH","ANGELONE","Buy","8","1749.8","13998.4","1000000001368481"
"21/04/2022","09:26 AM","NSE_CASH","ANGELONE","Buy","1","1749.8","1749.8","1000000001368481"
"21/04/2022","09:26 AM","NSE_CASH","ANGELONE","Buy","4","1749.9","6999.6","1000000001368481"
"21/04/2022","09:26 AM","NSE_CASH","ANGELONE","Buy","5","1749.9","8749.5","1000000001368481"
"21/04/2022","09:26 AM","NSE_CASH","ANGELONE","Buy","5","1749.9","8749.5","1000000001368481"
"21/04/2022","09:26 AM","NSE_CASH","ANGELONE","Buy","5","1749.9","8749.5","1000000001368481"
"22/04/2022","09:28 AM","NSE_CASH","VRLLOG","Sell","2","610.6","1221.2","1300000002069282"
"22/04/2022","09:28 AM","NSE_CASH","VRLLOG","Sell","2","610.6","1221.2","1300000002069282"
"22/04/2022","01:05 PM","NSE_CASH","VRLLOG","Buy","23","586.15","13481.449999999999","1300000010100502"
"22/04/2022","09:28 AM","NSE_CASH","VRLLOG","Sell","10","611","6110","1300000002069282"
"22/04/2022","09:28 AM","NSE_CASH","VRLLOG","Sell","2","610.6","1221.2","1300000002069282"
"22/04/2022","09:28 AM","NSE_CASH","VRLLOG","Sell","2","610.6","1221.2","1300000002069282"
"22/04/2022","09:28 AM","NSE_CASH","VRLLOG","Sell","2","610.6","1221.2","1300000002069282"
"22/04/2022","09:28 AM","NSE_CASH","VRLLOG","Sell","2","610.6","1221.2","1300000002069282"
"22/04/2022","09:28 AM","NSE_CASH","VRLLOG","Sell","2","610.6","1221.2","1300000002069282"
"22/04/2022","09:28 AM","NSE_CASH","VRLLOG","Sell","2","610.6","1221.2","1300000002069282"
"22/04/2022","09:28 AM","NSE_CASH","VRLLOG","Sell","2","610.6","1221.2","1300000002069282"
"22/04/2022","09:27 AM","NSE_CASH","VRLLOG","Sell","2","611.45","1222.9","1300000001946398"
"22/04/2022","09:27 AM","NSE_CASH","VRLLOG","Sell","1","611.45","611.45","1300000001946398"
"22/04/2022","09:27 AM","NSE_CASH","VRLLOG","Sell","2","611.45","1222.9","1300000001946398"
"22/04/2022","09:27 AM","NSE_CASH","VRLLOG","Sell","1","611.45","611.45","1300000001946398"
"22/04/2022","09:27 AM","NSE_CASH","VRLLOG","Sell","2","611.45","1222.9","1300000001946398"
"22/04/2022","09:27 AM","NSE_CASH","VRLLOG","Sell","1","611.45","611.45","1300000001946398"
"22/04/2022","09:27 AM","NSE_CASH","VRLLOG","Sell","2","611.45","1222.9","1300000001946398"
"22/04/2022","09:27 AM","NSE_CASH","VRLLOG","Sell","5","611.4","3057","1300000001946398"
"22/04/2022","09:27 AM","NSE_CASH","VRLLOG","Sell","1","611.4","611.4","1300000001946398"
"22/04/2022","09:23 AM","NSE_CASH","VRLLOG","Buy","2","624.95","1249.9","1300000001426812"
"22/04/2022","09:23 AM","NSE_CASH","VRLLOG","Buy","2","624.95","1249.9","1300000001426812"
"22/04/2022","09:23 AM","NSE_CASH","VRLLOG","Buy","4","624.95","2499.8","1300000001426812"
"22/04/2022","09:23 AM","NSE_CASH","VRLLOG","Buy","2","624.95","1249.9","1300000001426812"
"22/04/2022","09:23 AM","NSE_CASH","VRLLOG","Buy","2","624.95","1249.9","1300000001426812"
"22/04/2022","09:23 AM","NSE_CASH","VRLLOG","Buy","4","624.95","2499.8","1300000001426812"
"22/04/2022","09:23 AM","NSE_CASH","VRLLOG","Buy","2","624.95","1249.9","1300000001426812"
"22/04/2022","09:28 AM","NSE_CASH","VRLLOG","Sell","2","607.95","1215.9","1300000002088476"
"22/04/2022","09:26 AM","NSE_CASH","VRLLOG","Sell","2","612.4","1224.8","1300000001823291"
"22/04/2022","09:26 AM","NSE_CASH","VRLLOG","Sell","1","612.4","612.4","1300000001823291"
"22/04/2022","01:32 PM","NSE_CASH","VRLLOG","Buy","85","590.5","50192.5","1300000002436577"
"22/04/2022","01:32 PM","NSE_CASH","VRLLOG","Buy","6","590.6","3543.6000000000004","1300000002436577"
"22/04/2022","01:32 PM","NSE_CASH","VRLLOG","Buy","59","590.65","34848.35","1300000002436577"
"22/04/2022","09:28 AM","NSE_CASH","VRLLOG","Sell","25","611","15275","1300000002069282"
"22/04/2022","09:28 AM","NSE_CASH","VRLLOG","Sell","5","611","3055","1300000002069282"
"22/04/2022","09:28 AM","NSE_CASH","VRLLOG","Sell","2","611","1222","1300000002069282"
"22/04/2022","09:28 AM","NSE_CASH","VRLLOG","Sell","2","607.95","1215.9","1300000002088476"
"22/04/2022","09:28 AM","NSE_CASH","VRLLOG","Sell","37","608","22496","1300000002088476"
"22/04/2022","09:28 AM","NSE_CASH","VRLLOG","Buy","34","613.75","20867.5","1300000001996334"
"22/04/2022","09:28 AM","NSE_CASH","VRLLOG","Buy","200","613.7","122740.00000000001","1300000001996334"
"22/04/2022","09:28 AM","NSE_CASH","VRLLOG","Buy","1","615.5","615.5","1300000002021606"
"22/04/2022","09:28 AM","NSE_CASH","VRLLOG","Buy","4","615.5","2462","1300000002021606"
"22/04/2022","09:28 AM","NSE_CASH","VRLLOG","Buy","1","615.5","615.5","1300000002021606"
"22/04/2022","09:28 AM","NSE_CASH","VRLLOG","Buy","15","615.5","9232.5","1300000002021606"
"22/04/2022","09:28 AM","NSE_CASH","VRLLOG","Buy","43","615.55","26468.649999999998","1300000002021606"
"22/04/2022","09:28 AM","NSE_CASH","VRLLOG","Buy","434","615.55","267148.69999999995","1300000002021606"
"22/04/2022","09:28 AM","NSE_CASH","VRLLOG","Buy","18","615.55","11079.9","1300000002021606"
"22/04/2022","09:28 AM","NSE_CASH","VRLLOG","Buy","4","615.5","2462","1300000002021606"
"22/04/2022","09:27 AM","NSE_CASH","VRLLOG","Sell","2","611.7","1223.4","1300000001946398"
"22/04/2022","09:27 AM","NSE_CASH","VRLLOG","Sell","10","611.7","6117","1300000001946398"
"22/04/2022","09:27 AM","NSE_CASH","VRLLOG","Sell","7","611.65","4281.55","1300000001946398"
"22/04/2022","09:27 AM","NSE_CASH","VRLLOG","Sell","14","611.65","8563.1","1300000001946398"
"22/04/2022","09:27 AM","NSE_CASH","VRLLOG","Sell","15","611.6","9174","1300000001946398"
"22/04/2022","09:27 AM","NSE_CASH","VRLLOG","Sell","2","611.6","1223.2","1300000001946398"
"22/04/2022","09:27 AM","NSE_CASH","VRLLOG","Sell","4","611.6","2446.4","1300000001946398"
"22/04/2022","09:28 AM","NSE_CASH","VRLLOG","Sell","1","611.3","611.3","1300000002069282"
"22/04/2022","09:28 AM","NSE_CASH","VRLLOG","Sell","1","611.25","611.25","1300000002069282"
"22/04/2022","09:28 AM","NSE_CASH","VRLLOG","Sell","15","611.15","9167.25","1300000002069282"
"22/04/2022","09:27 AM","NSE_CASH","VRLLOG","Sell","2","611.45","1222.9","1300000001946398"
"22/04/2022","09:27 AM","NSE_CASH","VRLLOG","Sell","2","611.45","1222.9","1300000001946398"
"22/04/2022","09:27 AM","NSE_CASH","VRLLOG","Sell","1","611.45","611.45","1300000001946398"
"22/04/2022","09:21 AM","NSE_CASH","VRLLOG","Sell","1","611.25","611.25","1300000000795197"
"22/04/2022","09:21 AM","NSE_CASH","VRLLOG","Sell","1","611.25","611.25","1300000000795197"
"22/04/2022","09:21 AM","NSE_CASH","VRLLOG","Sell","10","611.25","6112.5","1300000000795197"
"22/04/2022","09:21 AM","NSE_CASH","VRLLOG","Sell","10","611.25","6112.5","1300000000795197"
"22/04/2022","09:21 AM","NSE_CASH","VRLLOG","Sell","6","611.2","3667.2000000000003","1300000000795197"
"22/04/2022","09:21 AM","NSE_CASH","VRLLOG","Sell","81","611.15","49503.15","1300000000795197"
"22/04/2022","09:21 AM","NSE_CASH","VRLLOG","Sell","68","611.15","41558.2","1300000000795197"
"22/04/2022","09:26 AM","NSE_CASH","VRLLOG","Sell","2","612.95","1225.9","1300000001823291"
"22/04/2022","09:26 AM","NSE_CASH","VRLLOG","Sell","1","612.95","612.95","1300000001823291"
"22/04/2022","09:26 AM","NSE_CASH","VRLLOG","Sell","2","612.85","1225.7","1300000001823291"
"22/04/2022","09:26 AM","NSE_CASH","VRLLOG","Sell","8","612.8","4902.4","1300000001823291"
"22/04/2022","09:26 AM","NSE_CASH","VRLLOG","Sell","1","612.75","612.75","1300000001823291"
"22/04/2022","09:26 AM","NSE_CASH","VRLLOG","Sell","10","612.7","6127","1300000001823291"
"22/04/2022","09:26 AM","NSE_CASH","VRLLOG","Sell","15","612.7","9190.5","1300000001823291"
"22/04/2022","09:23 AM","NSE_CASH","VRLLOG","Buy","13","624.8","8122.4","1300000001426812"
"22/04/2022","09:26 AM","NSE_CASH","VRLLOG","Sell","2","612.4","1224.8","1300000001823291"
"22/04/2022","09:28 AM","NSE_CASH","VRLLOG","Buy","10","613.8","6138","1300000001996334"
"22/04/2022","09:23 AM","NSE_CASH","VRLLOG","Buy","4","624.95","2499.8","1300000001426812"
"22/04/2022","09:26 AM","NSE_CASH","VRLLOG","Sell","3","612.4","1837.1999999999998","1300000001823291"
"22/04/2022","09:26 AM","NSE_CASH","VRLLOG","Sell","2","612.4","1224.8","1300000001823291"
"22/04/2022","09:26 AM","NSE_CASH","VRLLOG","Sell","1","612.4","612.4","1300000001823291"
"22/04/2022","09:26 AM","NSE_CASH","VRLLOG","Sell","3","612.4","1837.1999999999998","1300000001823291"
"22/04/2022","09:26 AM","NSE_CASH","VRLLOG","Sell","2","612.4","1224.8","1300000001823291"
"22/04/2022","09:26 AM","NSE_CASH","VRLLOG","Sell","1","612.4","612.4","1300000001823291"
"22/04/2022","09:26 AM","NSE_CASH","VRLLOG","Sell","3","612.4","1837.1999999999998","1300000001823291"
"22/04/2022","09:23 AM","NSE_CASH","VRLLOG","Buy","9","624.95","5624.55","1300000001426812"
"22/04/2022","09:28 AM","NSE_CASH","VRLLOG","Buy","1","614.75","614.75","1300000002021606"
"22/04/2022","09:28 AM","NSE_CASH","VRLLOG","Buy","50","614.8","30739.999999999996","1300000002021606"
"22/04/2022","09:28 AM","NSE_CASH","VRLLOG","Buy","157","614.9","96539.3","1300000002021606"
"22/04/2022","09:28 AM","NSE_CASH","VRLLOG","Buy","185","614.95","113765.75000000001","1300000002021606"
"22/04/2022","09:28 AM","NSE_CASH","VRLLOG","Buy","1","615","615","1300000002021606"
"22/04/2022","09:28 AM","NSE_CASH","VRLLOG","Buy","4","615.5","2462","1300000002021606"
"22/04/2022","09:24 AM","NSE_CASH","VRLLOG","Buy","200","618.6","123720","1300000001477554"
"22/04/2022","09:28 AM","NSE_CASH","VRLLOG","Buy","2","615.5","1231","1300000002021606"
"22/04/2022","09:28 AM","NSE_CASH","VRLLOG","Buy","1","615.5","615.5","1300000002021606"
"22/04/2022","09:28 AM","NSE_CASH","VRLLOG","Buy","4","615.5","2462","1300000002021606"
"22/04/2022","09:28 AM","NSE_CASH","VRLLOG","Buy","2","615.5","1231","1300000002021606"
"22/04/2022","09:28 AM","NSE_CASH","VRLLOG","Buy","1","615.5","615.5","1300000002021606"
"22/04/2022","09:28 AM","NSE_CASH","VRLLOG","Buy","4","615.5","2462","1300000002021606"
"22/04/2022","09:28 AM","NSE_CASH","VRLLOG","Buy","2","615.5","1231","1300000002021606"
"22/04/2022","09:28 AM","NSE_CASH","VRLLOG","Buy","1","615.5","615.5","1300000002021606"
"22/04/2022","09:27 AM","NSE_CASH","VRLLOG","Sell","1","611.8","611.8","1300000001946398"
"22/04/2022","09:27 AM","NSE_CASH","VRLLOG","Sell","1","611.8","611.8","1300000001946398"
"22/04/2022","09:28 AM","NSE_CASH","VRLLOG","Buy","1","613.6","613.6","1300000001996334"
"22/04/2022","09:28 AM","NSE_CASH","VRLLOG","Buy","13","613.6","7976.8","1300000001996334"
"22/04/2022","09:26 AM","NSE_CASH","VRLLOG","Sell","14","612.3","8572.199999999999","1300000001823291"
"22/04/2022","09:23 AM","NSE_CASH","VRLLOG","Buy","2","624.95","1249.9","1300000001426812"
"22/04/2022","09:23 AM","NSE_CASH","VRLLOG","Buy","4","624.95","2499.8","1300000001426812"
"22/04/2022","09:23 AM","NSE_CASH","VRLLOG","Buy","2","624.95","1249.9","1300000001426812"
"22/04/2022","09:23 AM","NSE_CASH","VRLLOG","Buy","2","624.95","1249.9","1300000001426812"
"22/04/2022","09:23 AM","NSE_CASH","VRLLOG","Buy","7","624.75","4373.25","1300000001426812"
"22/04/2022","09:26 AM","NSE_CASH","VRLLOG","Sell","2","612.4","1224.8","1300000001823291"
"22/04/2022","09:26 AM","NSE_CASH","VRLLOG","Sell","1","612.4","612.4","1300000001823291"
"22/04/2022","12:15 PM","NSE_CASH","VRLLOG","Buy","260","593","154180","1300000009945869"
"22/04/2022","09:28 AM","NSE_CASH","VRLLOG","Sell","7","607.65","4253.55","1300000002088476"
"22/04/2022","09:28 AM","NSE_CASH","VRLLOG","Buy","12","613.65","7363.799999999999","1300000001996334"
"22/04/2022","09:28 AM","NSE_CASH","VRLLOG","Sell","2","607.95","1215.9","1300000002088476"
"22/04/2022","09:28 AM","NSE_CASH","VRLLOG","Sell","20","607.6","12152","1300000002088476"
"22/04/2022","09:28 AM","NSE_CASH","VRLLOG","Sell","291","607.55","176797.05","1300000002088476"
"22/04/2022","09:28 AM","NSE_CASH","VRLLOG","Buy","10","613.75","6137.5","1300000001996334"
"22/04/2022","09:23 AM","NSE_CASH","VRLLOG","Buy","2","624.55","1249.1","1300000001426812"
"22/04/2022","09:23 AM","NSE_CASH","VRLLOG","Buy","28","624.6","17488.8","1300000001426812"
"22/04/2022","09:23 AM","NSE_CASH","VRLLOG","Buy","11","624.65","6871.15","1300000001426812"
"22/04/2022","09:23 AM","NSE_CASH","VRLLOG","Buy","6","624.65","3747.8999999999996","1300000001426812"
"22/04/2022","09:23 AM","NSE_CASH","VRLLOG","Buy","8","624.75","4998","1300000001426812"
"22/04/2022","09:23 AM","NSE_CASH","VRLLOG","Buy","11","624.75","6872.25","1300000001426812"
"22/04/2022","09:23 AM","NSE_CASH","VRLLOG","Buy","12","625","7500","1300000001426812"
"22/04/2022","09:28 AM","NSE_CASH","VRLLOG","Sell","2","610.6","1221.2","1300000002069282"
"22/04/2022","09:28 AM","NSE_CASH","VRLLOG","Sell","1","610.6","610.6","1300000002069282"
"22/04/2022","09:28 AM","NSE_CASH","VRLLOG","Sell","308","610.55","188049.4","1300000002069282"
"22/04/2022","09:28 AM","NSE_CASH","VRLLOG","Sell","29","610.55","17705.949999999997","1300000002069282"
"22/04/2022","09:28 AM","NSE_CASH","VRLLOG","Sell","20","610.5","12210","1300000002069282"
"22/04/2022","09:28 AM","NSE_CASH","VRLLOG","Sell","34","610.45","20755.300000000003","1300000002069282"
"22/04/2022","09:28 AM","NSE_CASH","VRLLOG","Sell","21","610.4","12818.4","1300000002069282"
"22/04/2022","09:22 AM","NSE_CASH","VRLLOG","Buy","111","617.1","68498.1","1300000001248754"
"22/04/2022","09:22 AM","NSE_CASH","VRLLOG","Buy","20","617.35","12347","1300000001248754"
"22/04/2022","09:22 AM","NSE_CASH","VRLLOG","Buy","41","617.35","25311.350000000002","1300000001248754"
"22/04/2022","09:22 AM","NSE_CASH","VRLLOG","Buy","28","617.35","17285.8","1300000001248754"
"22/04/2022","09:28 AM","NSE_CASH","VRLLOG","Sell","100","611","61100","1300000002069282"
"22/04/2022","09:28 AM","NSE_CASH","VRLLOG","Sell","50","611","30550","1300000002069282"
"22/04/2022","09:28 AM","NSE_CASH","VRLLOG","Sell","125","610.9","76362.5","1300000002069282"
"22/04/2022","09:28 AM","NSE_CASH","VRLLOG","Sell","34","610.9","20770.6","1300000002069282"
"22/04/2022","09:28 AM","NSE_CASH","VRLLOG","Sell","7","610.65","4274.55","1300000002069282"
"22/04/2022","09:28 AM","NSE_CASH","VRLLOG","Sell","2","610.6","1221.2","1300000002069282"
"22/04/2022","09:28 AM","NSE_CASH","VRLLOG","Sell","2","610.6","1221.2","1300000002069282"
"22/04/2022","09:28 AM","NSE_CASH","VRLLOG","Sell","2","610.6","1221.2","1300000002069282"
"22/04/2022","01:08 PM","NSE_CASH","VRLLOG","Buy","77","586.15","45133.549999999996","1300000010100502"
"22/04/2022","11:20 AM","NSE_CASH","VRLLOG","Buy","200","603.6","120720","1300000007915567"
"22/04/2022","09:28 AM","NSE_CASH","VRLLOG","Sell","100","608","60800","1300000002088476"
"22/04/2022","09:28 AM","NSE_CASH","VRLLOG","Sell","50","608","30400","1300000002088476"
"22/04/2022","09:28 AM","NSE_CASH","VRLLOG","Sell","2","607.95","1215.9","1300000002088476"
"22/04/2022","09:28 AM","NSE_CASH","VRLLOG","Sell","2","607.95","1215.9","1300000002088476"
"22/04/2022","09:28 AM","NSE_CASH","VRLLOG","Sell","2","607.95","1215.9","1300000002088476"
"22/04/2022","09:28 AM","NSE_CASH","VRLLOG","Sell","2","607.95","1215.9","1300000002088476"
"22/04/2022","09:28 AM","NSE_CASH","VRLLOG","Sell","2","607.95","1215.9","1300000002088476"
"22/04/2022","09:28 AM","NSE_CASH","VRLLOG","Sell","2","607.95","1215.9","1300000002088476"
"22/04/2022","09:27 AM","NSE_CASH","VRLLOG","Sell","2","612.25","1224.5","1300000001946398"
"22/04/2022","09:28 AM","NSE_CASH","VRLLOG","Buy","7","613.8","4296.599999999999","1300000001996334"
"22/04/2022","09:26 AM","NSE_CASH","VRLLOG","Sell","3","612.4","1837.1999999999998","1300000001823291"
"22/04/2022","09:21 AM","NSE_CASH","VRLLOG","Sell","14","611.45","8560.300000000001","1300000000795197"
"22/04/2022","09:21 AM","NSE_CASH","VRLLOG","Sell","6","611.35","3668.1000000000004","1300000000795197"
"22/04/2022","09:21 AM","NSE_CASH","VRLLOG","Sell","2","611.3","1222.6","1300000000795197"
"22/04/2022","09:21 AM","NSE_CASH","VRLLOG","Sell","1","611.3","611.3","1300000000795197"
"22/04/2022","11:48 AM","NSE_CASH","VRLLOG","Sell","140","598.8","83832","1300000009148031"
"22/04/2022","11:41 AM","NSE_CASH","VRLLOG","Buy","22","597.8","13151.599999999999","1300000008335816"
"22/04/2022","11:41 AM","NSE_CASH","VRLLOG","Buy","16","597.8","9564.8","1300000008335816"
"22/04/2022","09:26 AM","NSE_CASH","VRLLOG","Sell","1","612.4","612.4","1300000001823291"
"22/04/2022","09:26 AM","NSE_CASH","VRLLOG","Sell","3","612.4","1837.1999999999998","1300000001823291"
"22/04/2022","09:26 AM","NSE_CASH","VRLLOG","Sell","1","612.4","612.4","1300000001823291"
"22/04/2022","09:26 AM","NSE_CASH","VRLLOG","Sell","3","612.4","1837.1999999999998","1300000001823291"
"22/04/2022","09:26 AM","NSE_CASH","VRLLOG","Sell","1","612.4","612.4","1300000001823291"
"22/04/2022","09:26 AM","NSE_CASH","VRLLOG","Sell","2","612.4","1224.8","1300000001823291"
"22/04/2022","09:26 AM","NSE_CASH","VRLLOG","Sell","6","612.35","3674.1000000000004","1300000001823291"
"22/04/2022","09:26 AM","NSE_CASH","VRLLOG","Sell","5","612.3","3061.5","1300000001823291"
"22/04/2022","09:23 AM","NSE_CASH","VRLLOG","Buy","4","624.95","2499.8","1300000001426812"
"22/04/2022","09:26 AM","NSE_CASH","VRLLOG","Sell","7","612.25","4285.75","1300000001823291"
"22/04/2022","09:26 AM","NSE_CASH","VRLLOG","Sell","1","612.1","612.1","1300000001823291"
"22/04/2022","09:26 AM","NSE_CASH","VRLLOG","Sell","18","612.05","11016.9","1300000001823291"
"22/04/2022","09:27 AM","NSE_CASH","VRLLOG","Sell","1","611.45","611.45","1300000001946398"
"22/04/2022","09:28 AM","NSE_CASH","VRLLOG","Buy","43","615.15","26451.45","1300000002021606"
"22/04/2022","09:28 AM","NSE_CASH","VRLLOG","Buy","2","615.3","1230.6","1300000002021606"
"22/04/2022","09:28 AM","NSE_CASH","VRLLOG","Buy","2","615.3","1230.6","1300000002021606"
"22/04/2022","09:28 AM","NSE_CASH","VRLLOG","Buy","8","615.3","4922.4","1300000002021606"
"22/04/2022","09:28 AM","NSE_CASH","VRLLOG","Buy","2","615.5","1231","1300000002021606"
"22/04/2022","09:28 AM","NSE_CASH","VRLLOG","Buy","1","615.5","615.5","1300000002021606"
"22/04/2022","09:28 AM","NSE_CASH","VRLLOG","Buy","4","615.5","2462","1300000002021606"
"22/04/2022","09:28 AM","NSE_CASH","VRLLOG","Buy","2","615.5","1231","1300000002021606"
"22/04/2022","09:28 AM","NSE_CASH","VRLLOG","Buy","1","615.5","615.5","1300000002021606"
"22/04/2022","09:28 AM","NSE_CASH","VRLLOG","Sell","15","611.15","9167.25","1300000002069282"
"22/04/2022","09:28 AM","NSE_CASH","VRLLOG","Sell","15","611.15","9167.25","1300000002069282"
"22/04/2022","09:27 AM","NSE_CASH","VRLLOG","Sell","2","611.45","1222.9","1300000001946398"
"22/04/2022","09:28 AM","NSE_CASH","VRLLOG","Buy","9","613.75","5523.75","1300000001996334"
"22/04/2022","09:28 AM","NSE_CASH","VRLLOG","Sell","7","607.9","4255.3","1300000002088476"
"22/04/2022","09:26 AM","NSE_CASH","VRLLOG","Sell","13","612.65","7964.45","1300000001823291"
"22/04/2022","09:26 AM","NSE_CASH","VRLLOG","Sell","13","612.65","7964.45","1300000001823291"
"22/04/2022","09:26 AM","NSE_CASH","VRLLOG","Sell","1","612.65","612.65","1300000001823291"
"22/04/2022","09:26 AM","NSE_CASH","VRLLOG","Sell","15","612.65","9189.75","1300000001823291"
"22/04/2022","09:26 AM","NSE_CASH","VRLLOG","Sell","1","612.65","612.65","1300000001823291"
"22/04/2022","09:26 AM","NSE_CASH","VRLLOG","Sell","13","612.65","7964.45","1300000001823291"
"22/04/2022","09:26 AM","NSE_CASH","VRLLOG","Sell","10","612.65","6126.5","1300000001823291"
"22/04/2022","09:26 AM","NSE_CASH","VRLLOG","Sell","7","612.45","4287.150000000001","1300000001823291"
"22/04/2022","09:27 AM","NSE_CASH","VRLLOG","Sell","2","611.6","1223.2","1300000001946398"
"22/04/2022","09:27 AM","NSE_CASH","VRLLOG","Sell","2","611.6","1223.2","1300000001946398"
"22/04/2022","09:31 AM","NSE_CASH","VRLLOG","Sell","50","607.45","30372.500000000004","1300000002374000"
"22/04/2022","11:41 AM","NSE_CASH","VRLLOG","Buy","162","597.8","96843.59999999999","1300000008335816"
"22/04/2022","09:22 AM","NSE_CASH","VRLLOG","Buy","1","624.35","624.35","1300000001365611"
"22/04/2022","09:22 AM","NSE_CASH","VRLLOG","Buy","199","625","124375","1300000001365611"
"22/04/2022","01:40 PM","NSE_CASH","VRLLOG","Buy","200","589.95","117990.00000000001","1300000013314518"
"22/04/2022","01:37 PM","NSE_CASH","VRLLOG","Buy","150","590.1","88515","1300000010135949"
"22/04/2022","09:27 AM","NSE_CASH","VRLLOG","Sell","2","611.45","1222.9","1300000001946398"
"22/04/2022","09:27 AM","NSE_CASH","VRLLOG","Sell","1","611.5","611.5","1300000001946398"
"22/04/2022","09:27 AM","NSE_CASH","VRLLOG","Sell","29","611.5","17733.5","1300000001946398"
"22/04/2022","09:27 AM","NSE_CASH","VRLLOG","Sell","2","611.45","1222.9","1300000001946398"
"22/04/2022","09:27 AM","NSE_CASH","VRLLOG","Sell","1","611.45","611.45","1300000001946398"
"22/04/2022","09:27 AM","NSE_CASH","VRLLOG","Sell","2","611.45","1222.9","1300000001946398"
"22/04/2022","09:27 AM","NSE_CASH","VRLLOG","Sell","2","611.45","1222.9","1300000001946398"
"22/04/2022","09:27 AM","NSE_CASH","VRLLOG","Sell","1","611.45","611.45","1300000001946398"
"22/04/2022","09:28 AM","NSE_CASH","VRLLOG","Sell","2","607.95","1215.9","1300000002088476"
"22/04/2022","09:28 AM","NSE_CASH","VRLLOG","Sell","2","607.95","1215.9","1300000002088476"
"22/04/2022","09:28 AM","NSE_CASH","VRLLOG","Sell","2","607.95","1215.9","1300000002088476"
"22/04/2022","09:28 AM","NSE_CASH","VRLLOG","Sell","2","607.95","1215.9","1300000002088476"
"22/04/2022","09:28 AM","NSE_CASH","VRLLOG","Sell","2","607.95","1215.9","1300000002088476"
"22/04/2022","09:28 AM","NSE_CASH","VRLLOG","Sell","2","607.95","1215.9","1300000002088476"
"22/04/2022","09:28 AM","NSE_CASH","VRLLOG","Sell","2","607.95","1215.9","1300000002088476"
"22/04/2022","09:28 AM","NSE_CASH","VRLLOG","Sell","1","607.95","607.95","1300000002088476"
"22/04/2022","09:26 AM","NSE_CASH","VRLLOG","Sell","21","612.35","12859.35","1300000001669121"
"22/04/2022","09:26 AM","NSE_CASH","VRLLOG","Sell","7","612.25","4285.75","1300000001669121"
"22/04/2022","09:26 AM","NSE_CASH","VRLLOG","Sell","16","612.2","9795.2","1300000001669121"
"22/04/2022","09:26 AM","NSE_CASH","VRLLOG","Sell","125","612.1","76512.5","1300000001669121"
"22/04/2022","09:26 AM","NSE_CASH","VRLLOG","Sell","50","612","30600","1300000001669121"
"22/04/2022","09:26 AM","NSE_CASH","VRLLOG","Sell","281","612","171972","1300000001669121"
"22/04/2022","11:46 AM","NSE_CASH","VRLLOG","Sell","70","599.8","41986","1300000009148031"
"22/04/2022","09:27 AM","NSE_CASH","VRLLOG","Sell","5","611.55","3057.75","1300000001946398"
"22/04/2022","09:27 AM","NSE_CASH","VRLLOG","Sell","5","611.5","3057.5","1300000001946398"
"22/04/2022","09:23 AM","NSE_CASH","VRLLOG","Buy","1","624.75","624.75","1300000001426812"
"22/04/2022","09:23 AM","NSE_CASH","VRLLOG","Buy","7","624.75","4373.25","1300000001426812"
"22/04/2022","09:23 AM","NSE_CASH","VRLLOG","Buy","45","624.75","28113.75","1300000001426812"
"22/04/2022","09:28 AM","NSE_CASH","VRLLOG","Sell","2","607.95","1215.9","1300000002088476"
"22/04/2022","09:28 AM","NSE_CASH","VRLLOG","Sell","2","607.95","1215.9","1300000002088476"
"22/04/2022","09:27 AM","NSE_CASH","VRLLOG","Sell","7","611.4","4279.8","1300000001946398"
"22/04/2022","09:27 AM","NSE_CASH","VRLLOG","Sell","13","611.35","7947.55","1300000001946398"
"22/04/2022","09:27 AM","NSE_CASH","VRLLOG","Sell","5","611.3","3056.5","1300000001946398"
"22/04/2022","09:27 AM","NSE_CASH","VRLLOG","Sell","6","611.3","3667.7999999999997","1300000001946398"
"22/04/2022","09:27 AM","NSE_CASH","VRLLOG","Sell","19","611.3","11614.699999999999","1300000001946398"
"22/04/2022","09:27 AM","NSE_CASH","VRLLOG","Sell","111","611.1","67832.1","1300000001946398"
"22/04/2022","09:28 AM","NSE_CASH","VRLLOG","Sell","1","611.15","611.15","1300000002069282"
"22/04/2022","09:28 AM","NSE_CASH","VRLLOG","Sell","6","611.15","3666.8999999999996","1300000002069282"
"22/04/2022","09:28 AM","NSE_CASH","VRLLOG","Sell","10","611.1","6111","1300000002069282"
"22/04/2022","09:28 AM","NSE_CASH","VRLLOG","Sell","7","611.05","4277.349999999999","1300000002069282"
"22/04/2022","09:28 AM","NSE_CASH","VRLLOG","Sell","132","611","80652","1300000002069282"
"22/04/2022","09:27 AM","NSE_CASH","VRLLOG","Sell","2","611.45","1222.9","1300000001946398"
"22/04/2022","09:28 AM","NSE_CASH","VRLLOG","Buy","4","613.8","2455.2","1300000001996334"
"22/04/2022","09:23 AM","NSE_CASH","VRLLOG","Buy","13","624.9","8123.7","1300000001426812"
"22/04/2022","09:23 AM","NSE_CASH","VRLLOG","Buy","50","624.9","31245","1300000001426812"
"22/04/2022","09:23 AM","NSE_CASH","VRLLOG","Buy","2","624.95","1249.9","1300000001426812"
"22/04/2022","09:23 AM","NSE_CASH","VRLLOG","Buy","29","624.95","18123.550000000003","1300000001426812"
"22/04/2022","09:23 AM","NSE_CASH","VRLLOG","Buy","2","624.95","1249.9","1300000001426812"
"22/04/2022","09:23 AM","NSE_CASH","VRLLOG","Buy","4","624.95","2499.8","1300000001426812"
"22/04/2022","09:23 AM","NSE_CASH","VRLLOG","Buy","2","624.95","1249.9","1300000001426812"
"22/04/2022","09:28 AM","NSE_CASH","VRLLOG","Sell","1","608.55","608.55","1300000002088476"
"22/04/2022","09:28 AM","NSE_CASH","VRLLOG","Sell","221","608.5","134478.5","1300000002088476"
"22/04/2022","09:28 AM","NSE_CASH","VRLLOG","Sell","29","608.05","17633.449999999997","1300000002088476"
"22/04/2022","09:28 AM","NSE_CASH","VRLLOG","Sell","200","608","121600","1300000002088476"
"22/04/2022","09:23 AM","NSE_CASH","VRLLOG","Buy","2","624.95","1249.9","1300000001426812"
"25/04/2022","09:31 AM","NSE_CASH","GAEL","Sell","4","367.45","1469.8","1100000002575080"
"25/04/2022","10:32 AM","NSE_CASH","GAEL","Buy","100","364.15","36415","1100000002695300"
"25/04/2022","09:23 AM","NSE_CASH","GAEL","Sell","2","368.6","737.2","1100000001722879"
"25/04/2022","09:23 AM","NSE_CASH","GAEL","Sell","2","368.55","737.1","1100000001722879"
"25/04/2022","09:23 AM","NSE_CASH","GAEL","Sell","10","368.5","3685","1100000001722879"
"25/04/2022","09:23 AM","NSE_CASH","GAEL","Sell","20","368.5","7370","1100000001722879"
"25/04/2022","10:33 AM","NSE_CASH","GAEL","Buy","149","365.05","54392.450000000004","1100000002018613"
"25/04/2022","09:31 AM","NSE_CASH","GAEL","Sell","50","367.45","18372.5","1100000002575080"
"25/04/2022","09:31 AM","NSE_CASH","GAEL","Sell","35","367.45","12860.75","1100000002575080"
"25/04/2022","09:31 AM","NSE_CASH","GAEL","Sell","11","367.45","4041.95","1100000002575080"
"25/04/2022","10:32 AM","NSE_CASH","GAEL","Buy","50","364.15","18207.5","1100000003970056"
"25/04/2022","09:32 AM","NSE_CASH","GAEL","Buy","1","367.9","367.9","1100000002802626"
"25/04/2022","09:23 AM","NSE_CASH","GAEL","Sell","6","368.3","2209.8","1100000001722879"
"25/04/2022","09:23 AM","NSE_CASH","GAEL","Sell","64","368.25","23568","1100000001722879"
"25/04/2022","09:23 AM","NSE_CASH","GAEL","Sell","80","368.25","29460","1100000001722879"
"25/04/2022","09:23 AM","NSE_CASH","GAEL","Sell","16","368.55","5896.8","1100000001722879"
"26/04/2022","09:19 AM","NSE_CASH","BDL","Sell","1","791.15","791.15","1000000000856138"
"26/04/2022","09:19 AM","NSE_CASH","BDL","Sell","5","791.15","3955.75","1000000000856138"
"26/04/2022","09:19 AM","NSE_CASH","BDL","Sell","7","791.15","5538.05","1000000000856138"
"26/04/2022","09:19 AM","NSE_CASH","BDL","Sell","1","791.15","791.15","1000000000856138"
"26/04/2022","09:19 AM","NSE_CASH","BDL","Sell","6","791.15","4746.9","1000000000856138"
"26/04/2022","09:19 AM","NSE_CASH","BDL","Sell","3","791.1","2373.3","1000000000856138"
"26/04/2022","09:19 AM","NSE_CASH","BDL","Sell","27","791.1","21359.7","1000000000856138"
"26/04/2022","09:17 AM","NSE_CASH","BDL","Buy","1","801.45","801.45","1000000000534029"
"26/04/2022","09:25 AM","NSE_CASH","BDL","Sell","100","792.55","79255","1000000001510329"
"26/04/2022","09:22 AM","NSE_CASH","BDL","Sell","5","794.55","3972.75","1000000001239673"
"26/04/2022","09:22 AM","NSE_CASH","BDL","Sell","45","794.55","35754.75","1000000001239673"
"26/04/2022","09:17 AM","NSE_CASH","BDL","Buy","5","801.6","4008","1000000000534029"
"26/04/2022","09:17 AM","NSE_CASH","BDL","Buy","32","801.65","25652.8","1000000000534029"
"26/04/2022","09:17 AM","NSE_CASH","BDL","Buy","11","801.7","8818.7","1000000000534029"
"26/04/2022","09:29 AM","NSE_CASH","BDL","Sell","58","789.35","45782.3","1000000001710269"
"26/04/2022","09:29 AM","NSE_CASH","BDL","Sell","142","789.35","112087.7","1000000001710269"
"26/04/2022","11:21 AM","NSE_CASH","BDL","Buy","10","782.7","7827","1000000002470307"
"26/04/2022","10:42 AM","NSE_CASH","BDL","Buy","51","779.8","39769.799999999996","1000000003921161"
"26/04/2022","09:25 AM","NSE_CASH","BDL","Sell","43","792.55","34079.65","1000000001510329"
"26/04/2022","09:17 AM","NSE_CASH","BDL","Buy","1","801.45","801.45","1000000000534029"
"26/04/2022","10:42 AM","NSE_CASH","BDL","Buy","99","779.8","77200.2","1000000003921161"
"26/04/2022","10:42 AM","NSE_CASH","BDL","Buy","30","779.8","23394","1000000003921161"
"26/04/2022","10:42 AM","NSE_CASH","BDL","Buy","20","779.8","15596","1000000003921161"
"26/04/2022","09:25 AM","NSE_CASH","BDL","Sell","2","792.55","1585.1","1000000001510329"
"26/04/2022","09:25 AM","NSE_CASH","BDL","Sell","55","792.55","43590.25","1000000001510329"
"26/04/2022","11:21 AM","NSE_CASH","BDL","Buy","5","782.75","3913.75","1000000002470307"
"26/04/2022","11:21 AM","NSE_CASH","BDL","Buy","4","782.9","3131.6","1000000002470307"
"26/04/2022","11:21 AM","NSE_CASH","BDL","Buy","130","782.95","101783.5","1000000002470307"
"26/04/2022","11:21 AM","NSE_CASH","BDL","Buy","96","782.95","75163.20000000001","1000000002470307"
"26/04/2022","11:21 AM","NSE_CASH","BDL","Buy","5","783","3915","1000000002470307"
"27/04/2022","09:55 AM","NSE_CASH","AUBANK","Buy","15","1354.5","20317.5","1000000004267379"
"27/04/2022","09:55 AM","NSE_CASH","AUBANK","Buy","1","1354.5","1354.5","1000000004267379"
"27/04/2022","09:55 AM","NSE_CASH","AUBANK","Buy","100","1354.5","135450","1000000004267379"
"27/04/2022","09:27 AM","NSE_CASH","AUBANK","Sell","100","1354.25","135425","1000000001193397"
"27/04/2022","09:47 AM","NSE_CASH","AUBANK","Sell","200","1362","272400","1000000004127034"
"27/04/2022","09:20 AM","NSE_CASH","AUBANK","Sell","164","1365.6","223958.4","1000000000604245"
"27/04/2022","10:04 AM","NSE_CASH","AUBANK","Buy","7","1348.85","9441.949999999999","1000000005429871"
"27/04/2022","10:04 AM","NSE_CASH","AUBANK","Buy","43","1348.9","58002.700000000004","1000000005429871"
"27/04/2022","10:00 AM","NSE_CASH","AUBANK","Buy","25","1343.65","33591.25","1000000005303339"
"27/04/2022","10:02 AM","NSE_CASH","AUBANK","Buy","25","1345","33625","1000000003674509"
"27/04/2022","09:20 AM","NSE_CASH","AUBANK","Sell","1","1365.6","1365.6","1000000000604245"
"27/04/2022","09:20 AM","NSE_CASH","AUBANK","Sell","10","1365.6","13656","1000000000604245"
"27/04/2022","09:20 AM","NSE_CASH","AUBANK","Sell","5","1365.6","6828","1000000000604245"
"27/04/2022","09:20 AM","NSE_CASH","AUBANK","Sell","20","1365.6","27312","1000000000604245"
"27/04/2022","09:55 AM","NSE_CASH","AUBANK","Buy","34","1354.5","46053","1000000004267379"
"27/04/2022","09:25 AM","NSE_CASH","AUBANK","Buy","50","1355.45","67772.5","1000000001514425"
"27/04/2022","09:57 AM","NSE_CASH","AUBANK","Buy","154","1348.8","207715.19999999998","1000000004718633"
"27/04/2022","09:57 AM","NSE_CASH","AUBANK","Buy","46","1348.8","62044.799999999996","1000000004718633"
"28/04/2022","10:28 AM","NSE_CASH","KPITTECH","Sell","19","570.15","10832.85","1200000006051565"
"28/04/2022","09:23 AM","NSE_CASH","KPITTECH","Sell","2","581.05","1162.1","1200000001376225"
"28/04/2022","09:23 AM","NSE_CASH","KPITTECH","Sell","50","581.05","29052.499999999996","1200000001376225"
"28/04/2022","09:23 AM","NSE_CASH","KPITTECH","Sell","10","581.05","5810.5","1200000001376225"
"28/04/2022","09:23 AM","NSE_CASH","KPITTECH","Sell","88","581.05","51132.399999999994","1200000001376225"
"28/04/2022","09:28 AM","NSE_CASH","KPITTECH","Sell","64","574.35","36758.4","1200000001872952"
"28/04/2022","09:28 AM","NSE_CASH","KPITTECH","Sell","22","574.3","12634.599999999999","1200000001872952"
"28/04/2022","09:28 AM","NSE_CASH","KPITTECH","Sell","1","574.25","574.25","1200000001872952"
"28/04/2022","10:56 AM","NSE_CASH","KPITTECH","Buy","1","563.4","563.4","1200000002442335"
"28/04/2022","09:24 AM","NSE_CASH","KPITTECH","Sell","8","579.4","4635.2","1200000001423372"
"28/04/2022","09:24 AM","NSE_CASH","KPITTECH","Sell","32","579.35","18539.2","1200000001423372"
"28/04/2022","09:24 AM","NSE_CASH","KPITTECH","Sell","22","579.25","12743.5","1200000001423372"
"28/04/2022","10:43 AM","NSE_CASH","KPITTECH","Buy","40","567.05","22682","1200000006069691"
"28/04/2022","10:43 AM","NSE_CASH","KPITTECH","Buy","260","567.05","147433","1200000006069691"
"28/04/2022","09:33 AM","NSE_CASH","KPITTECH","Sell","7","573.25","4012.75","1200000002305863"
"28/04/2022","09:33 AM","NSE_CASH","KPITTECH","Sell","1","573.25","573.25","1200000002305863"
"28/04/2022","09:33 AM","NSE_CASH","KPITTECH","Sell","50","573.2","28660.000000000004","1200000002305863"
"28/04/2022","09:33 AM","NSE_CASH","KPITTECH","Sell","32","573.2","18342.4","1200000002305863"
"28/04/2022","09:33 AM","NSE_CASH","KPITTECH","Sell","10","573.1","5731","1200000002305863"
"28/04/2022","10:06 AM","NSE_CASH","KPITTECH","Sell","7","567.3","3971.0999999999995","1200000004765829"
"28/04/2022","10:06 AM","NSE_CASH","KPITTECH","Sell","9","567.25","5105.25","1200000004765829"
"28/04/2022","10:06 AM","NSE_CASH","KPITTECH","Sell","70","567.25","39707.5","1200000004765829"
"28/04/2022","10:06 AM","NSE_CASH","KPITTECH","Sell","9","567.2","5104.8","1200000004765829"
"28/04/2022","10:56 AM","NSE_CASH","KPITTECH","Buy","117","563.35","65911.95","1200000002442335"
"28/04/2022","10:44 AM","NSE_CASH","KPITTECH","Buy","1","564.5","564.5","1200000005020290"
"28/04/2022","10:44 AM","NSE_CASH","KPITTECH","Buy","35","564.5","19757.5","1200000005020290"
"28/04/2022","10:44 AM","NSE_CASH","KPITTECH","Buy","79","564.5","44595.5","1200000005020290"
"28/04/2022","10:44 AM","NSE_CASH","KPITTECH","Buy","15","564.5","8467.5","1200000005020290"
"28/04/2022","09:19 AM","NSE_CASH","KPITTECH","Sell","16","585","9360","1200000000857144"
"28/04/2022","09:19 AM","NSE_CASH","KPITTECH","Sell","10","585","5850","1200000000857144"
"28/04/2022","09:17 AM","NSE_CASH","KPITTECH","Buy","84","592.35","49757.4","1200000000628420"
"28/04/2022","09:17 AM","NSE_CASH","KPITTECH","Buy","2","592.4","1184.8","1200000000628420"
"28/04/2022","09:17 AM","NSE_CASH","KPITTECH","Buy","4","592.4","2369.6","1200000000628420"
"28/04/2022","09:17 AM","NSE_CASH","KPITTECH","Buy","10","592.45","5924.5","1200000000628420"
"28/04/2022","09:22 AM","NSE_CASH","KPITTECH","Buy","50","577.4","28870","1200000001221428"
"28/04/2022","10:47 AM","NSE_CASH","KPITTECH","Buy","3","560.7","1682.1000000000001","1200000004505643"
"28/04/2022","10:48 AM","NSE_CASH","KPITTECH","Buy","60","560.7","33642","1200000004505643"
"28/04/2022","10:47 AM","NSE_CASH","KPITTECH","Buy","48","560.7","26913.600000000002","1200000004505643"
"28/04/2022","09:28 AM","NSE_CASH","KPITTECH","Sell","13","574.65","7470.45","1200000001872952"
"28/04/2022","09:26 AM","NSE_CASH","KPITTECH","Buy","8","571.9","4575.2","1200000001451361"
"28/04/2022","09:26 AM","NSE_CASH","KPITTECH","Buy","29","571.9","16585.1","1200000001451361"
"28/04/2022","10:44 AM","NSE_CASH","KPITTECH","Buy","15","564.5","8467.5","1200000005020290"
"28/04/2022","09:44 AM","NSE_CASH","KPITTECH","Sell","4","576.6","2306.4","1200000003198166"
"28/04/2022","10:48 AM","NSE_CASH","KPITTECH","Buy","50","560.7","28035.000000000004","1200000004505643"
"28/04/2022","09:18 AM","NSE_CASH","KPITTECH","Buy","100","591","59100","1200000000702371"
"28/04/2022","09:18 AM","NSE_CASH","KPITTECH","Sell","250","591","147750","1200000000718075"
"28/04/2022","10:56 AM","NSE_CASH","KPITTECH","Buy","3","563.4","1690.1999999999998","1200000002442335"
"28/04/2022","10:04 AM","NSE_CASH","KPITTECH","Buy","4","569.95","2279.8","1200000002273846"
"28/04/2022","10:04 AM","NSE_CASH","KPITTECH","Buy","277","570","157890","1200000002273846"
"28/04/2022","10:04 AM","NSE_CASH","KPITTECH","Buy","19","570","10830","1200000002273846"
"28/04/2022","10:06 AM","NSE_CASH","KPITTECH","Sell","57","567.2","32330.4","1200000004765829"
"28/04/2022","10:06 AM","NSE_CASH","KPITTECH","Sell","56","567.15","31760.399999999998","1200000004765829"
"28/04/2022","10:06 AM","NSE_CASH","KPITTECH","Sell","5","567.1","2835.5","1200000004765829"
"28/04/2022","10:06 AM","NSE_CASH","KPITTECH","Sell","50","567.1","28355","1200000004765829"
"28/04/2022","10:06 AM","NSE_CASH","KPITTECH","Sell","29","567.05","16444.449999999997","1200000004765829"
"28/04/2022","10:06 AM","NSE_CASH","KPITTECH","Sell","39","567.05","22114.949999999997","1200000004765829"
"28/04/2022","09:24 AM","NSE_CASH","KPITTECH","Sell","38","579.25","22011.5","1200000001423372"
"28/04/2022","09:32 AM","NSE_CASH","KPITTECH","Sell","6","575.6","3453.6000000000004","1200000002234085"
"28/04/2022","09:32 AM","NSE_CASH","KPITTECH","Sell","8","575.6","4604.8","1200000002234085"
"28/04/2022","09:32 AM","NSE_CASH","KPITTECH","Sell","86","575.55","49497.299999999996","1200000002234085"
"28/04/2022","10:48 AM","NSE_CASH","KPITTECH","Buy","1","560.7","560.7","1200000004505643"
"28/04/2022","09:44 AM","NSE_CASH","KPITTECH","Sell","16","576.6","9225.6","1200000003198166"
"28/04/2022","09:44 AM","NSE_CASH","KPITTECH","Sell","16","576.55","9224.8","1200000003198166"
"28/04/2022","09:44 AM","NSE_CASH","KPITTECH","Sell","21","576.5","12106.5","1200000003198166"
"28/04/2022","09:44 AM","NSE_CASH","KPITTECH","Sell","21","576.45","12105.45","1200000003198166"
"28/04/2022","09:44 AM","NSE_CASH","KPITTECH","Sell","22","576.4","12680.8","1200000003198166"
"28/04/2022","09:19 AM","NSE_CASH","KPITTECH","Sell","10","585","5850","1200000000857144"
"28/04/2022","09:19 AM","NSE_CASH","KPITTECH","Sell","13","585","7605","1200000000857144"
"28/04/2022","10:44 AM","NSE_CASH","KPITTECH","Buy","28","564.5","15806","1200000005020290"
"28/04/2022","10:44 AM","NSE_CASH","KPITTECH","Buy","1","564.5","564.5","1200000005020290"
"28/04/2022","09:26 AM","NSE_CASH","KPITTECH","Buy","2","571.9","1143.8","1200000001451361"
"28/04/2022","10:28 AM","NSE_CASH","KPITTECH","Sell","2","570.35","1140.7","1200000006051565"
"28/04/2022","10:28 AM","NSE_CASH","KPITTECH","Sell","64","570.35","36502.4","1200000006051565"
"28/04/2022","10:44 AM","NSE_CASH","KPITTECH","Buy","17","564.5","9596.5","1200000005020290"
"28/04/2022","10:48 AM","NSE_CASH","KPITTECH","Buy","38","560.7","21306.600000000002","1200000004505643"
"28/04/2022","09:26 AM","NSE_CASH","KPITTECH","Buy","8","571.85","4574.8","1200000001451361"
"28/04/2022","09:17 AM","NSE_CASH","KPITTECH","Buy","32","589.95","18878.4","1200000000572402"
"28/04/2022","09:17 AM","NSE_CASH","KPITTECH","Buy","17","590","10030","1200000000572402"
"28/04/2022","10:28 AM","NSE_CASH","KPITTECH","Sell","25","570.3","14257.499999999998","1200000006051565"
"28/04/2022","10:06 AM","NSE_CASH","KPITTECH","Sell","68","567.75","38607","1200000004765829"
"28/04/2022","10:06 AM","NSE_CASH","KPITTECH","Sell","1","567.35","567.35","1200000004765829"
"28/04/2022","09:17 AM","NSE_CASH","KPITTECH","Buy","1","589.95","589.95","1200000000572402"
"28/04/2022","10:28 AM","NSE_CASH","KPITTECH","Sell","126","570.3","71857.79999999999","1200000006051565"
"28/04/2022","09:26 AM","NSE_CASH","KPITTECH","Buy","3","571.85","1715.5500000000002","1200000001451361"
"28/04/2022","09:26 AM","NSE_CASH","KPITTECH","Buy","5","571.85","2859.25","1200000001451361"
"28/04/2022","10:28 AM","NSE_CASH","KPITTECH","Sell","64","570.3","36499.2","1200000006051565"
"28/04/2022","09:26 AM","NSE_CASH","KPITTECH","Buy","7","571.9","4003.2999999999997","1200000001451361"
"28/04/2022","09:26 AM","NSE_CASH","KPITTECH","Buy","38","571.95","21734.100000000002","1200000001451361"
"28/04/2022","10:56 AM","NSE_CASH","KPITTECH","Buy","2","563.3","1126.6","1200000002442335"
"28/04/2022","10:56 AM","NSE_CASH","KPITTECH","Buy","62","563.35","34927.700000000004","1200000002442335"
"28/04/2022","10:56 AM","NSE_CASH","KPITTECH","Buy","14","563.35","7886.900000000001","1200000002442335"
"28/04/2022","10:56 AM","NSE_CASH","KPITTECH","Buy","1","563.35","563.35","1200000002442335"
"28/04/2022","10:44 AM","NSE_CASH","KPITTECH","Buy","9","564.5","5080.5","1200000005020290"
"28/04/2022","09:19 AM","NSE_CASH","KPITTECH","Sell","1","585.1","585.1","1200000000857144"
"28/04/2022","09:28 AM","NSE_CASH","KPITTECH","Sell","100","575.35","57535","1200000001907842"
"28/04/2022","09:30 AM","NSE_CASH","KPITTECH","Buy","49","579.9","28415.1","1200000001497131"
"28/04/2022","09:30 AM","NSE_CASH","KPITTECH","Buy","32","579.9","18556.8","1200000001497131"
"28/04/2022","09:30 AM","NSE_CASH","KPITTECH","Buy","1","579.95","579.95","1200000001497131"
"28/04/2022","09:30 AM","NSE_CASH","KPITTECH","Buy","29","579.95","16818.550000000003","1200000001497131"
"28/04/2022","09:30 AM","NSE_CASH","KPITTECH","Buy","39","580","22620","1200000001497131"
"29/04/2022","10:21 AM","NSE_CASH","BSE","Sell","1","910","910","1000000004448029"
"29/04/2022","09:49 AM","NSE_CASH","BSE","Buy","92","917.65","84423.8","1000000003720195"
"29/04/2022","09:23 AM","NSE_CASH","BSE","Buy","3","903.9","2711.7","1000000001382754"
"29/04/2022","09:49 AM","NSE_CASH","BSE","Buy","8","917.55","7340.4","1000000003720195"
"29/04/2022","09:25 AM","NSE_CASH","BSE","Sell","64","909","58176","1000000001520869"
"29/04/2022","10:27 AM","NSE_CASH","BSE","Buy","100","912.5","91250","1000000005943917"
"29/04/2022","09:23 AM","NSE_CASH","BSE","Buy","9","903.95","8135.55","1000000001382754"
"29/04/2022","09:23 AM","NSE_CASH","BSE","Buy","22","904","19888","1000000001382754"
"29/04/2022","09:53 AM","NSE_CASH","BSE","Buy","5","919.35","4596.75","1000000004029697"
"29/04/2022","09:53 AM","NSE_CASH","BSE","Buy","5","919.35","4596.75","1000000004029697"
"29/04/2022","09:53 AM","NSE_CASH","BSE","Buy","11","919.4","10113.4","1000000004029697"
"29/04/2022","09:25 AM","NSE_CASH","BSE","Sell","20","909.05","18181","1000000001520869"
"29/04/2022","10:21 AM","NSE_CASH","BSE","Sell","10","910","9100","1000000004448029"
"29/04/2022","10:21 AM","NSE_CASH","BSE","Sell","10","910","9100","1000000004448029"
"29/04/2022","10:21 AM","NSE_CASH","BSE","Sell","50","910","45500","1000000004448029"
"29/04/2022","09:53 AM","NSE_CASH","BSE","Buy","7","919.5","6436.5","1000000004029697"
"29/04/2022","09:53 AM","NSE_CASH","BSE","Buy","7","919.55","6436.849999999999","1000000004029697"
"29/04/2022","09:53 AM","NSE_CASH","BSE","Buy","50","919.6","45980","1000000004029697"
"29/04/2022","11:14 AM","NSE_CASH","BSE","Buy","100","914.35","91435","1000000006246379"
"29/04/2022","11:14 AM","NSE_CASH","BSE","Buy","76","914.35","69490.6","1000000006246379"
"29/04/2022","10:21 AM","NSE_CASH","BSE","Sell","100","910","91000","1000000004448029"
"29/04/2022","10:21 AM","NSE_CASH","BSE","Sell","5","910","4550","1000000004448029"
"29/04/2022","10:21 AM","NSE_CASH","BSE","Sell","1","910","910","1000000004448029"
"29/04/2022","10:21 AM","NSE_CASH","BSE","Sell","1","910","910","1000000004448029"
"29/04/2022","10:21 AM","NSE_CASH","BSE","Sell","10","910","9100","1000000004448029"
"29/04/2022","10:21 AM","NSE_CASH","BSE","Sell","11","910","10010","1000000004448029"
"29/04/2022","10:22 AM","NSE_CASH","BSE","Sell","122","908.45","110830.90000000001","1000000005777175"
"29/04/2022","10:22 AM","NSE_CASH","BSE","Sell","116","908.35","105368.6","1000000005777175"
"29/04/2022","10:22 AM","NSE_CASH","BSE","Sell","130","908.35","118085.5","1000000005777175"
"29/04/2022","11:14 AM","NSE_CASH","BSE","Buy","14","914.45","12802.300000000001","1000000006246379"
"29/04/2022","10:22 AM","NSE_CASH","BSE","Sell","32","908.5","29072","1000000005777175"
"29/04/2022","09:53 AM","NSE_CASH","BSE","Buy","7","919.45","6436.150000000001","1000000004029697"
"29/04/2022","09:53 AM","NSE_CASH","BSE","Buy","1","919.45","919.45","1000000004029697"
"29/04/2022","09:53 AM","NSE_CASH","BSE","Buy","7","919.5","6436.5","1000000004029697"
"29/04/2022","09:23 AM","NSE_CASH","BSE","Buy","16","903.9","14462.4","1000000001382754"
"29/04/2022","09:21 AM","NSE_CASH","BSE","Buy","4","896","3584","1000000001239597"
"29/04/2022","09:21 AM","NSE_CASH","BSE","Buy","7","896.3","6274.099999999999","1000000001239597"
"29/04/2022","09:21 AM","NSE_CASH","BSE","Buy","5","896.3","4481.5","1000000001239597"
"29/04/2022","09:21 AM","NSE_CASH","BSE","Buy","1","896.35","896.35","1000000001239597"
"29/04/2022","09:21 AM","NSE_CASH","BSE","Buy","7","896.4","6274.8","1000000001239597"
"29/04/2022","09:21 AM","NSE_CASH","BSE","Buy","4","896.45","3585.8","1000000001239597"
"29/04/2022","09:21 AM","NSE_CASH","BSE","Buy","14","896.5","12551","1000000001239597"
"29/04/2022","09:21 AM","NSE_CASH","BSE","Buy","58","896.6","52002.8","1000000001239597"
"29/04/2022","11:14 AM","NSE_CASH","BSE","Buy","128","914.25","117024","1000000006246379"
"29/04/2022","11:14 AM","NSE_CASH","BSE","Buy","10","914.3","9143","1000000006246379"
"29/04/2022","10:21 AM","NSE_CASH","BSE","Sell","15","910","13650","1000000004448029"
"29/04/2022","09:22 AM","NSE_CASH","BSE","Buy","10","895.3","8953","1000000001268079"
"29/04/2022","09:22 AM","NSE_CASH","BSE","Buy","5","895.3","4476.5","1000000001268079"
"29/04/2022","10:23 AM","NSE_CASH","BSE","Sell","200","909.8","181960","1000000005812781"
"29/04/2022","10:21 AM","NSE_CASH","BSE","Sell","30","910","27300","1000000004448029"
"29/04/2022","09:25 AM","NSE_CASH","BSE","Sell","1","909.3","909.3","1000000001520869"
"29/04/2022","09:25 AM","NSE_CASH","BSE","Sell","10","909.1","9091","1000000001520869"
"29/04/2022","10:21 AM","NSE_CASH","BSE","Sell","10","910","9100","1000000004448029"
"29/04/2022","10:06 AM","NSE_CASH","BSE","Buy","100","915.15","91515","1000000004927942"
"29/04/2022","09:25 AM","NSE_CASH","BSE","Sell","5","909.05","4545.25","1000000001520869"
"29/04/2022","09:22 AM","NSE_CASH","BSE","Buy","50","895.3","44765","1000000001268079"
"29/04/2022","09:22 AM","NSE_CASH","BSE","Buy","5","895.3","4476.5","1000000001268079"
"29/04/2022","11:14 AM","NSE_CASH","BSE","Buy","9","914.4","8229.6","1000000006246379"
"29/04/2022","11:14 AM","NSE_CASH","BSE","Buy","10","914.4","9144","1000000006246379"
"29/04/2022","11:14 AM","NSE_CASH","BSE","Buy","25","914.4","22860","1000000006246379"
"29/04/2022","11:14 AM","NSE_CASH","BSE","Buy","25","914.4","22860","1000000006246379"
"29/04/2022","11:14 AM","NSE_CASH","BSE","Buy","49","914.4","44805.6","1000000006246379"
